3417 5175
768 407 809 466 69

197 590 292 648 naret
311 604 445 649 necesse
467 591 553 650 erat:
574 590 621 650 sic
641 592 675 651 et
693 591 777 652 inira
798 593 923 664 (8781))
944 610 1062 655 nomen
1082 592 1224 653 auctoris
1246 592 1376 652 fabulae

198 701 238 761 de
261 702 384 761 Iunone
408 703 441 761 et
464 701 607 763 Vulcano
631 719 692 764 non
718 706 864 766 additum
890 710 950 783 est,
975 709 1032 769 sed
1056 711 1225 785 θεομογμῶν
1244 706 1375 765 tantum

199 815 359 890 auctoris;
393 816 557 876 Homerus
588 818 675 877 enim
698 814 795 897 Ἥρας
827 819 953 897 δεομοδς
984 818 1043 880 ici
1075 816 1143 891 δέος
1167 835 1230 880 non
1254 796 1373 879 narrat.

115 984 119 989 .
198 928 232 989 Si
257 944 333 989 vero
357 929 450 989 Plato
474 931 557 991 hanc
580 930 620 991 de
643 932 765 993 Iunone
789 934 933 994 fabulam
957 950 1144 995 memorans
1164 934 1375 994 nihilominus

121 1066 126 1070 ·
198 1042 237 1101 de
262 1042 404 1103 Homero
430 1044 585 1117 cogitavit
608 1046 642 1105 et
661 1047 839 1108 memoriae
859 1048 952 1123 lapsu
974 1048 1047 1118 (vid.
1068 1048 1211 1107 similem
1234 1062 1374 1107 errorem

199 1155 320 1232 40511,
352 1156 406 1216 ubi
438 1157 592 1231 Eurypyli
623 1160 747 1220 mentio
777 1160 824 1231 fit)
858 1161 957 1221 verba
979 1159 1038 1220 ὑπὸ
1062 1158 1129 1232 δέος
1153 1160 1292 1236 scripsit,
1315 1160 1374 1220 lec·

198 1266 305 1330 torem
336 1270 529 1331 benevolum
561 1287 637 1346 rogo
669 1276 703 1334 et
730 1290 785 1335 oro
816 1276 854 1335 ut
885 1290 932 1352 ea,
957 1292 1040 1349 quae
1063 1292 1083 1336 a
1105 1291 1158 1336 me
1182 1264 1279 1349 supra
1302 1274 1376 1347 post

202 1397 356 1457 „necesse
389 1386 479 1444 erat’'
503 1400 605 1458 usque
630 1387 670 1446 ad
696 1404 779 1463 „non
803 1390 935 1450 narret'’
961 1390 1081 1464 scripta
1102 1389 1178 1465 sini,
1202 1402 1266 1449 non
1289 1387 1375 1447 diota

199 1513 274 1558 esee
297 1500 398 1573 putet.

48 1612 113 1671 378
148 1606 178 1674 A
247 1610 311 1671 Cur
343 1612 396 1672 hic
435 1610 540 1677 <τδ>
579 1612 665 1692 τάθη
700 1615 873 1689 legendum
912 1618 1052 1678 iudicem
1086 1617 1152 1677 iam
1188 1617 1228 1677 ad
1263 1614 1375 1676 334u

146 1722 278 1787 Bdixi.
304 1716 324 1809 Ι)
347 1727 459 1801 Inepte
490 1728 518 1788 J.
551 1728 684 1790 Richter
716 1730 832 1800 (Fleck.
864 1732 935 1793 Jbb.
963 1732 1046 1793 1861
1071 1732 1122 1792 bd.
1147 1732 1199 1801 95)
1224 1730 1262 1791 ci.
1287 1725 1376 1789 οὐδέν

152 1832 363 1901 cotoneorum
397 1856 454 1916 pro
489 1836 556 1901 οὐδ’
595 1834 634 1902 αὖ
665 1840 836 1906 ἀδικοῦντα.
870 1837 889 1928 ΙΙ
921 1846 998 1905 Post
1029 1842 1254 1923 &replicarentur
1289 1845 1377 1903 recte

200 1953 348 2015 nonnulli
372 1954 462 2016 editt.
487 1958 644 2031 punctum
668 1960 856 2032 posuerunt.
881 1959 1118 2019 'theodoretum
1141 1960 1252 2016 πολλοῦ
1276 1977 1307 2035 γε
1331 1955 1380 2014 δεῖ
1470 1960 1471 1963 ’

202 2068 410 2143 praebentem
439 2071 573 2130 secutus
596 2072 647 2131 est
672 2071 742 2147 Ast,
766 2072 849 2145 quod
872 2072 1073 2146 probandum
1097 2073 1157 2147 est,
1183 2072 1244 2131 etsi
1268 2070 1376 2144 potius

201 2184 313 2241 ττολλοο
337 2172 393 2241 οὖν
417 2182 467 2241 δεῖ
485 2183 537 2243 vel
560 2186 672 2244 ττολλοῖτ
693 2181 730 2261 δυ)
751 2184 800 2243 δεῖ
815 2187 1093 2263 exspectaveram,
1114 2185 1190 2259 quia
1208 2184 1265 2244 illa
1278 2184 1376 2243 verba

202 2294 384 2371 explicandi
415 2312 514 2357 causa
544 2298 670 2358 adiecta
696 2300 783 2359 sunt.
809 2299 858 2359 Ad
881 2295 1104 2378 μυθολογητέον
1127 2301 1238 2360 mente
1262 2298 1375 2373 supple

204 2402 290 2486 εἶναι,
307 2411 396 2484 quod
419 2412 555 2472 verbum
580 2427 811 2486 nonnunquam
835 2413 999 2474 omittitur
1023 2413 1097 2483 (vid.
1123 2412 1271 2474 Schanzii
1295 2412 1375 2473 Nov.

205 2524 329 2585 Gomm.
354 2524 436 2585 Plai.
465 2525 571 2602 1871),
596 2525 636 2587 ef.
660 2525 800 2601 lluthyd.
826 2527 929 2589 288D
950 2524 1168 2606 φιλοσοφητέον
1188 2522 1377 2606 ὡμολογήσα-

203 2660 267 2716 μεν,
296 2638 373 2713 Rep.
406 2640 470 2700 467
483 2639 519 2716 B,
544 2639 637 2714 Gorg.
663 2641 766 2701 517ss
792 2640 926 2711 (δοκοῦσι
935 2687 1006 2701 .....
1031 2635 1162 2718 οἷοίτε),
1186 2641 1260 2702 aliu.
1285 2640 1377 2701 Hanc

204 2753 294 2813 verbi
317 2753 527 2814 omissionem
551 2768 647 2827 aegre
670 2754 778 2815 ferens
800 2755 966 2816 Herwerd.
991 2756 1064 2825 (Mn.
1089 2755 1184 2824 1883)
1205 2754 1376 2828 legendum

204 2866 332 2928 censuit
354 2867 412 2927 aut
434 2863 659 2945 μυθολογητέον
687 2860 835 2935 <εἷναι>
864 2869 921 2928 aut
943 2871 1054 2927 πολλοῦ
1078 2889 1110 2948 γε
1134 2867 1261 2926 δεῖν...
1282 2871 1379 2942 μυθο-

204 2977 344 3059 λογητέον
375 2983 431 3050 (so.
463 2978 544 3051 ἔστί).
569 3016 610 3024 -
633 2981 707 3042 Mox
738 2981 911 3055 legendum
941 2983 1020 3057 puto
1052 2979 1151 3041 αὐτῶν
1181 2997 1237 3056 pro
1271 2979 1380 3057 αὐτῶν,

205 3093 290 3154 sicut
324 3094 543 3155 Theodoretus
585 3095 726 3170 praebet.
764 3094 981 3156 Herwerdeno
1017 3095 1090 3164 (lin.
1129 3095 1224 3164 1891)
1259 3092 1380 3171 πολίτης

203 3207 325 3268 delenti
359 3207 529 3285 assentior,
566 3209 603 3267 ut
634 3208 713 3268 haec
745 3208 778 3267 in
809 3207 1000 3268 universum
1031 3208 1188 3268 dicantur.
1218 3206 1379 3282 Suspicor,

150 3337 153 3343 '
204 3330 267 3390 nisi
311 3345 373 3390 vox
409 3346 426 3391 e
460 3346 526 3405 mg.
560 3331 700 3407 invecta,
735 3347 777 3391 ex
806 3328 924 3390 οτώττοτε
952 3330 1168 3405 dittographia
1195 3298 1244 3399 (μέν
1263 3346 1309 3386 =
1327 3343 1401 3388 ττο-·

204 3442 295 3521 utor)
325 3446 440 3504 natum
470 3460 544 3505 esse
574 3443 703 3521 πολίτης.
734 3479 777 3487 -
813 3445 885 3507 Par.
914 3445 943 3504 Α
966 3440 1065 3503 λεκτέα
1089 3459 1150 3506 om.
1172 3443 1381 3517 probantibus

207 3557 320 3618 Herm.
344 3556 502 3632 Madvigio
527 3558 610 3619 Bait.
635 3559 850 3620 Schmelzero.
876 3558 996 3620 Omnes
1020 3561 1132 3619 autem
1156 3558 1271 3632 reliqui
1290 3556 1381 3618 editt.

207 3673 294 3733 recte
320 3686 433 3732 vocem
457 3674 639 3748 servarunt,
664 3673 741 3746 quia
763 3672 905 3746 alioquin
930 3674 986 3732 aui
1011 3667 1234 3750 μυθολογητέον
1259 3686 1382 3746 eprae-

206 3785 328 3859 gressis
362 3788 472 3847 mente
508 3786 723 3860 supplendum
759 3787 854 3860 (quod
889 3787 1049 3860 quomodo
1083 3785 1153 3846 fieri
1188 3786 1284 3846 liceat
1318 3801 1383 3845 non

207 3898 322 3969 sentio)
343 3901 401 3959 aut
420 3900 533 3960 textus
554 3901 731 3961 mutandus
751 3901 810 3961 est.
832 3899 1014 3974 Madvigius
1026 3915 1101 3974 ergo
1113 3901 1146 3960 in
1159 3903 1270 3976 μᾶλλον
1282 3899 1384 3959 latere

206 4015 393 4090 suspicatus
424 4017 475 4075 881
506 4011 617 4091 φατέον
647 4016 699 4076 vel
731 4012 835 4098 ᾀστέον
859 4015 909 4086 (cf.
935 4016 1036 4079 39οΕ
1060 4009 1126 4075 οὐδ’
1156 4011 1259 4097 ᾀστέον
1282 4011 1384 4084 αὐτοῖς

206 4132 266 4200 κτλ)
297 4130 465 4205 praeterea
487 4126 538 4188 μοὶ
561 4132 637 4190 ante
660 4128 731 4200 τοὺς
754 4127 879 4207 ττοτητδις
903 4130 1015 4191 delens
1039 4130 1202 4191 commate
1225 4129 1300 4202 post
1320 4149 1382 4206 γιγ-

207 4239 344 4320 νομένοις
376 4244 514 4304 sublato.
548 4243 584 4304 D.
616 4243 747 4318 Peipers
775 4244 899 4314 (Philol.
923 4243 1083 4318 Anneiger
1106 4242 1162 4317 lli,
1191 4240 1286 4310 1870)
1311 4242 1384 4314 post

206 4352 392 4437 γιγνομένοις
416 4357 515 4418 inseri
539 4356 610 4416 vult
633 4352 756 4416 λεκτέον.
780 4356 974 4417 Liebholdus
996 4355 1111 4426 (Fleck.
1132 4353 1202 4415 Jbb.
1227 4353 1311 4414 1888
1332 4354 1386 4422 bd,

209 4473 283 4542 131)
306 4487 364 4546 pro
388 4473 499 4547 μᾶλλον
522 4466 660 4548 μελητέον
685 4470 884 4543 excogitavit
908 4467 958 4529 καὶ
982 4485 1057 4530 oum
1081 4467 1240 4541 Madvigio
1260 4467 1386 4529 delens

206 4586 317 4648 Baiter
357 4600 450 4660 porro
493 4586 527 4646 et
565 4583 696 4660 (iampb.
732 4585 806 4659 post
838 4581 956 4663 γραυσί,
990 4598 1053 4643 non
1089 4581 1163 4655 post
1197 4578 1384 4661 γιγνομένοις

206 4699 479 4776 interpunxerunt
514 4698 608 4768 (sicut
641 4699 672 4759 et
705 4696 733 4759 J.
759 4697 891 4758 Richter
915 4697 949 4756 et
972 4696 1012 4757 M.
1037 4694 1246 4772 Vermehren,
1270 4696 1391 4769 quibus
1512 4687 1513 4690 ’
