3417 5175
897 375 961 434 140

339 560 447 635 potius
469 559 642 621 cavillandi
664 559 772 619 studio
799 559 892 619 Plato
919 559 1024 619 dicere
1052 574 1153 619 ausus
1174 560 1227 635 sit,
1249 561 1306 620 sed
1325 561 1526 634 praesertim

339 673 415 746 quia
445 674 517 733 tum
549 671 656 733 verbis
686 667 776 731 οὐδὲν
803 664 884 731 οἶδεν
916 666 958 748 ἐφ’
993 665 1016 754 ᾧ
1050 675 1119 754 γελᾷ
1153 672 1333 746 tautologia
1364 674 1525 734 nascitur.

340 787 455 859 itaque
478 786 584 859 magis
605 786 703 860 probo
727 788 763 855 (c.
790 784 908 845 Stallb⁰
933 787 965 845 et
989 785 1159 846 Herwerd⁰
1183 786 1245 847 Mn.
1270 787 1366 857 1883)
1387 787 1527 847 Astium

342 900 440 960 verba
472 906 525 957 τοῦ
555 897 671 976 γελοίου
704 901 955 973 expungentem.
989 897 1070 961 ilum
1101 900 1189 959 enim
1221 899 1252 958 οί
1281 899 1427 979 χαρίεντες
1459 902 1527 961 sibi

341 1010 433 1088 σοφοί
455 1012 555 1074 videri
576 1011 711 1088 soleant,
736 987 919 1073 salsissime
942 1013 1025 1072 mihi
1051 1013 1199 1074 videntur
1222 1014 1353 1073 Pindari
1377 1015 1477 1074 verba
1503 1030 1526 1074 a

341 1127 474 1190 Platone
497 1127 530 1186 in
553 1124 623 1197 τοὺς
645 1125 833 1197 σκώπτοντας
857 1142 1013 1187 conversa
1036 1142 1118 1188 esse.
1143 1128 1249 1188 Verba
1271 1135 1325 1187 τοῦ
1348 1127 1467 1207 γελοίου
1486 1123 1524 1206 ¹),

341 1256 424 1315 quae
447 1256 465 1301 e
488 1256 553 1315 mg.
577 1241 776 1316 irrepserunt
798 1242 888 1301 utin
908 1241 1012 1301 4521)
1033 1241 1092 1302 uit.
1117 1237 1156 1312 ὡς
1176 1239 1304 1320 γελοίου,
1326 1241 1447 1315 aliquis
1467 1242 1524 1302 ad-

341 1356 471 1430 scripsit
500 1356 540 1417 ad
570 1352 666 1433 ἀτελῆ,
696 1371 758 1430 quo
790 1356 947 1416 indicaret
968 1356 1060 1416 illam
1084 1355 1195 1431 σοφίαν
1217 1370 1270 1417 res
1295 1356 1382 1417 haud
1405 1357 1526 1431 dignas

341 1471 409 1530 risu
438 1471 663 1545 perstringere.
695 1471 744 1531 Ad
775 1469 883 1546 σοφίας
914 1466 1031 1549 δρίτιον
1054 1468 1170 1549 ιιαρτιὸν
1193 1471 1233 1532 of.
1259 1487 1300 1531 ex
1323 1472 1524 1545 Euthydem.

343 1584 445 1647 305E
473 1587 666 1663 καρποῦσθαι
695 1581 749 1660 τὴν
779 1582 899 1660 σοφίαν.
933 1617 972 1627 -
1005 1584 1080 1644 Mox
1111 1584 1276 1645 Horwerd.
1311 1585 1385 1655 (Mn.
1422 1585 1524 1656 1883)

343 1698 463 1772 optime
493 1712 549 1771 pro
581 1696 753 1776 διαφεύγειν
784 1712 850 1759 aor.
882 1696 1042 1775 διαφυγεῖν
1072 1698 1216 1785 reposuit
1247 1700 1280 1758 et
1307 1698 1340 1757 in
1364 1713 1524 1773 responso

295 1810 513 1891 (λδιαφεύγεις
543 1811 763 1885 interpolatori
793 1811 940 1872 reddidit.
973 1802 994 1895 ΙΙ
1025 1811 1049 1870 Ε
1081 1812 1152 1872 Par.
1180 1812 1209 1871 A
1234 1812 1380 1873 Schneid.
1406 1812 1522 1873 Herm.

343 1925 454 1987 Stallb.
487 1925 595 1996 (1858)
624 1927 657 1985 et
686 1927 834 1986 recentes
865 1925 956 1987 editt.
983 1928 1071 1987 recte
1096 1922 1306 2005 ὁμολογεῖσθαι
1329 1928 1524 2000 receperunt

342 2041 375 2099 ct
394 2039 489 2114 paulo
508 2040 582 2113 post
601 2054 685 2099 unus
709 2038 821 2099 Stallb.
848 2036 909 2115 (ed.
935 2039 1040 2110 Goth.)
1065 2056 1082 2101 e
1103 2040 1140 2100 V.
1154 2039 1191 2100 V.
1205 2039 1239 2100 L.
1253 2040 1287 2100 L.
1309 2038 1414 2116 φήσεις
1432 2061 1466 2119 γε
1485 2042 1524 2101 et

342 2153 446 2232 φήσεις
471 2149 504 2213 δὲ
527 2154 671 2214 Platonis
694 2169 830 2214 manum
853 2154 998 2215 restituit
1021 2154 1188 2215 scribendo
1212 2152 1317 2230 φήσεις
1341 2152 1375 2214 σί
1396 2176 1429 2234 γε
1453 2155 1473 2215 i.
1492 2171 1522 2216 e.

345 2268 516 2344 „profecta
541 2269 598 2328 sed
623 2269 710 2329 dices
733 2270 817 2329 etc.”
842 2268 916 2328 Mox
939 2270 1026 2329 recte
1051 2268 1190 2329 Oobetus
1212 2283 1292 2330 corr.
1315 2264 1523 2347 piperitide>

343 2382 534 2458 („scriptum
561 2383 631 2441 arat
656 2382 764 2439 ἘΡΕ
787 2384 846 2440 ΔΗ
869 2384 903 2442 et
927 2382 1027 2443 stulte
1051 2383 1216 2457 expletum
1241 2382 1336 2458 est''),
1361 2382 1524 2442 Richards

287 2499 319 2564 l)
343 2497 455 2556 autom
488 2494 600 2566 (class,
624 2495 703 2555 Rev.
730 2496 825 2565 1893)
849 2496 977 2556 mavult
992 2493 1061 2575 ’Ἀγε
1086 2495 1133 2574 δή,
1156 2494 1219 2554 ἴδοι.
1245 2487 1264 2579 ΙΙ
1288 2494 1524 2569 corrigendum

344 2613 421 2686 puto
445 2617 497 2669 τοῦ
521 2610 651 2669 δυνατοῦ
679 2613 779 2681 <τε>
807 2607 874 2688 πέρι
898 2608 948 2670 καί
972 2616 1029 2670 κτλ.
1054 2613 1091 2672 In
1114 2612 1133 2680 ἓ
1155 2612 1214 2672 ult.
1240 2627 1257 2673 e
1281 2611 1406 2673 duobus
1428 2612 1522 2673 codd.

345 2725 430 2786 Bait.
461 2725 494 2784 et
525 2723 655 2798 Oampb.
687 2722 824 2801 πλείστην
860 2719 969 2792 <διν>
1004 2721 1226 2802 ἀμφισβήτησιν
1257 2725 1426 2785 ediderunt
1452 2738 1522 2798 pro·

293 2845 320 2909 Ε
343 2840 495 2901 nantibus
515 2838 632 2899 Oobeto
653 2834 742 2914 (nota
761 2841 834 2907 ms.)
854 2839 888 2897 et
908 2836 1076 2913 Madvigio‚
1099 2839 1195 2899 recte.
1210 2829 1230 2921 ΙΙ
1243 2837 1370 2910 Corrige
1387 2836 1522 2896 δυνατοῦ

349 2952 448 3020 <ιε>
484 2949 533 3012 ναί
563 2949 603 3029 μὴ
632 2952 684 3012 hic
717 2953 749 3012 et
779 2951 863 3011 inira
894 2951 1017 3026 458A3
1043 2951 1114 3012 vide
1138 2952 1224 3013 diota
1247 2952 1288 3011 ad
1312 2951 1423 3012 33411.
1446 2951 1523 3012 Mox

343 3068 581 3128 Herwerdenus
624 3067 745 3140 optimo
784 3067 854 3125 iure
889 3070 976 3135 (nam
1012 3064 1099 3141 δίκην
1133 3062 1252 3143 ὑιιίγειν
1278 3059 1385 3140 alio²l
1420 3080 1522 3126 sensu

343 3179 471 3259 dicitur)
514 3196 628 3241 vocem
671 3179 758 3257 δίκην
802 3182 961 3254 expunxit
995 3177 1084 3259 λόγον
1120 3180 1290 3240 verissime
1325 3179 1522 3253 cogitatione

344 3295 497 3372 supplens
520 3312 537 3355 e
560 3295 768 3369 praegressis.

198 3422 262 3482 458
291 3417 321 3484 Α
388 3412 459 3472 Νον
489 3410 583 3484 pauci
613 3409 701 3470 codd.
734 3401 810 3467 εἶναι
836 3410 910 3483 post
937 3406 1071 3486 τλττοίργον
1095 3409 1252 3468 omittunt
1275 3425 1301 3469 c.
1327 3423 1391 3468 uno
1415 3408 1520 3484 Aetio,

344 3525 475 3600 optime,
507 3538 582 3582 cum
609 3515 685 3582 εἶναι
708 3538 771 3584 νον
795 3538 813 3582 e
836 3523 974 3582 duarum
999 3522 1277 3583 constructionum
1301 3521 1447 3581 mixture
1470 3519 1521 3598 (ut

343 3654 394 3698 ex.
426 3653 472 3710 gr.
493 3637 624 3712 sortasse
653 3637 686 3696 in
717 3636 820 3697 459ss
850 3630 923 3712 ἡμῖν
955 3634 1004 3694 δεῖ
1030 3631 1130 3714 ἄκρων
1161 3627 1237 3694 εἶναι
1270 3641 1329 3692 τῶν
1357 3631 1520 3712 ἀρχόντων)

342 3749 469 3812 defendi
498 3751 611 3825 possit.
643 3752 680 3809 In
710 3748 730 3825 ἕ
761 3750 786 3809 Β
818 3748 940 3823 optimo
968 3745 1008 3819 ὡς
1032 3747 1168 3808 δυνατῶν
1193 3743 1287 3806 ὄντων
1310 3746 1384 3818 Ιδαίς.
1409 3725 1465 3807 Vir
1488 3748 1520 3808 d.

342 3866 495 3939 Postgate
519 3865 557 3925 de
583 3864 678 3925 verbo
701 3862 807 3940 τίθημι
829 3863 985 3923 nonnulla
1008 3863 1042 3923 in
1069 3862 1220 3938 „Journal
1245 3860 1280 3921 oi
1297 3860 1411 3921 Philol.
1434 3860 1521 3921 1886

343 3997 373 4056 p.
408 3979 581 4040 111-19”
613 3978 781 4051 disputans
811 3973 870 4054 ἤδη
895 3976 942 4046 (V.
958 3977 993 4046 L)
1015 3991 1072 4050 pro
1096 3968 1171 4034 εἶναι
1196 3975 1358 4047 requirere
1381 3974 1521 4049 videtur,

291 4100 320 4165 Β
343 4096 428 4168 quod
457 4096 588 4169 propter
617 4092 768 4153 continuo
795 4106 935 4165 sequens
958 4086 1017 4169 ἤδη
1041 4091 1138 4165 recipi
1163 4089 1284 4162 nequit.
1310 4081 1329 4172 ΙΙ
1353 4088 1424 4147 vam
1447 4088 1472 4148 L
1496 4087 1523 4147 εί·

345 4204 458 4267 δυνατὰ
489 4223 546 4283 pro
568 4199 588 4290 ᾗ
612 4204 638 4265 δ.
661 4220 737 4266 curn
762 4204 924 4279 stephano
947 4218 1031 4278 unus
1055 4203 1166 4265 stallo.
1192 4197 1255 4286 (ed.
1281 4199 1387 4279 Goth.)
1411 4202 1522 4276 proba·

343 4323 402 4399 vit,
433 4323 530 4399 male,
563 4321 638 4394 quia
669 4312 689 4403 p
719 4319 891 4392 respondet
924 4317 1029 4377 verbis
1052 4316 1117 4376 τίνα
1140 4315 1251 4396 τρόπον
1275 4313 1353 4375 ἔσται
1376 4315 1410 4375 in
1433 4328 1523 4389 prae-

378 4589 398 4654 ι)
416 4594 541 4641 Τνθοδοτ.
560 4594 636 4640 Ther.
655 4595 669 4640 9
687 4607 712 4654 p.
732 4592 780 4640 937
799 4592 838 4638 διὰ
855 4595 897 4637 τοῦ
914 4593 1003 4648 γελοίου
1021 4590 1107 4636 tradit.

375 4667 397 4730 ²)
414 4673 453 4720 (li.
470 4685 494 4720 v.
512 4686 535 4720 o.
552 4672 647 4720 Herod.
664 4673 692 4720 11
711 4674 767 4729 118,
784 4669 918 4718 Demosth.
936 4670 1029 4728 Parnp.
1047 4669 1061 4727 5
1080 4668 1120 4715 95.
