3417 5175
743 383 805 442 107

179 561 236 642 μὲν
269 567 414 627 Venetus
449 569 483 624 Π
513 582 540 627 ο.
570 566 685 626 multis
716 566 790 625 aliis
820 567 910 627 codd.
941 560 996 646 γὰρ
1027 569 1117 630 addit
1146 570 1243 643 (prob.
1275 570 1355 632 Bklr.

181 679 329 740 Schneid.
361 679 585 756 Stallbledel,
617 683 652 739 at
674 680 797 739 omissa
819 680 1001 742 coniunctio
1024 682 1204 743 orationem
1228 684 1356 745 alacrio-

180 808 252 853 rem
275 794 388 853 reddit.
409 794 488 853 Fere
508 793 655 853 omnium
674 792 763 853 codd.
784 792 958 853 lectionem
978 790 1117 872 ἀλλήλαις
1136 797 1224 870 prob.
1245 796 1356 858 Herm.

181 905 265 966 Bait.
286 905 428 983 Gampb„
448 907 532 979 quod
551 921 631 967 eane
650 906 769 966 melius
788 921 887 978 quam
908 903 1049 984 ἀλλήλοιιν
1070 909 1185 979 (forma
1203 911 1358 971 mendosa

181 1033 238 1092 pre
262 1014 423 1090 ἀλλ’ίοιν).
917 1080 918 1083 ¹
1000 1078 1001 1081 Ἴ
1256 1066 1258 1070 .

29 1128 91 1187 423
121 1124 156 1191 Α
226 1041 334 1191 Uniusl
364 1134 432 1193 cod.
463 1132 537 1195 lect.
569 1119 668 1192 δοκεῖν
699 1147 756 1207 pro
786 1130 954 1210 εὐδοκιμεῖν
984 1134 1071 1194 recte
1102 1134 1166 1195 Aet
1188 1137 1221 1195 et
1246 1136 1357 1197 Stailb.

181 1246 363 1307 servarunt.
383 1246 492 1306 Etiam
512 1246 656 1307 Platonis
676 1246 793 1307 civitas
813 1244 1006 1324 εὐδοκίμησιν
1026 1262 1090 1308 non
1109 1250 1249 1324 epemet,
1263 1250 1358 1309 modo

180 1358 300 1419 merita
328 1359 382 1419 sit.
414 1359 548 1420 Videtur
579 1360 697 1434 aliquis
721 1360 761 1420 ad
785 1358 885 1419 δοκεῖν
909 1362 1085 1421 annotasse
1109 1358 1277 1439 εὐδοκιμεῖν
1301 1366 1357 1433 (sc.

179 1470 299 1548 δοκεῖν),
330 1472 446 1533 deinde
467 1475 504 1533 ut
528 1474 659 1547 saepius
682 1474 806 1535 iactum
830 1475 891 1551 est,
916 1474 1057 1547 genuina
1080 1491 1146 1536 vox
1168 1476 1356 1551 interpreta-

179 1587 291 1647 mento
313 1586 408 1661 pulsa
430 1602 512 1648 esse.
539 1586 580 1646 Τὸ
603 1584 643 1659 ὡς
667 1584 789 1665 ἀληθῶς
809 1587 948 1667 μεγίστην
968 1582 1045 1647 εἶναι
1065 1590 1122 1650 uni
1140 1599 1179 1672 τῷ
1198 1600 1238 1673 τῷ
1259 1590 1359 1650 δοκεῖν

119 1706 153 1771 1)
180 1722 208 1775 μ.
232 1692 309 1759 εἶναι
332 1700 447 1775 opponi
469 1702 586 1775 potest.
611 1692 631 1785 ΙΙ
655 1702 842 1775 Legendum
866 1718 938 1764 esse
962 1704 1040 1777 puto
1064 1700 1138 1782 πρὸς
1162 1710 1248 1764 οούιο
1274 1705 1304 1775 (i.
1329 1720 1356 1765 e.

182 1816 362 1875 secundum
391 1815 433 1884 id)
466 1811 541 1885 [ἕνα]
573 1814 648 1894 πρὸς
669 1815 706 1873 ’ὲν
726 1811 849 1874 ἕκαστον
874 1813 960 1894 ἔργον
985 1814 1034 1875 δεῖ
1052 1816 1181 1894 κομίζειν
1205 1819 1263 1877 eut
1285 1816 1359 1896 πρὸς

127 1943 132 1950 ·
180 1934 267 1986 τοῦτο
295 1923 348 1997 ἕνα
369 1925 443 2005 πρὸς
462 1927 499 1986 ἓν
524 1924 668 1999 [ἕκαστον]
694 1926 781 2006 ἔργον
803 1931 863 2004 κολ,
886 1928 962 1988 cu'm
986 1928 1119 2002 vulgata
1142 1930 1275 1989 ridicule
1298 1932 1358 2003 sig·

180 2040 291 2102 nificat
313 2057 377 2102 non
399 2042 496 2102 licere
518 2044 627 2117 plures
651 2058 715 2103 uno
737 2044 778 2103 ad
801 2042 1053 2115 unumquodque
1077 2042 1252 2103 artificium
1275 2042 1358 2119 κομί-

182 2155 252 2231 ζειν,
269 2156 379 2229 itaque
396 2171 446 2215 ex.
463 2171 510 2229 gr.
527 2172 630 2216 unum
649 2158 778 2215 tantum
801 2158 957 2231 sutorem,
977 2171 1081 2215 unum
1101 2156 1276 2228 agricolam
1296 2158 1357 2217 etc.

181 2268 215 2328 in
246 2267 412 2329 Platonica
441 2270 574 2329 civitate
603 2270 750 2329 futurum
779 2284 861 2329 esse.
886 2269 960 2329 Mox
984 2270 1071 2329 recte
1094 2270 1199 2329 Naber
1222 2268 1357 2339 (comm.

129 2380 157 2443 ll
182 2380 264 2443 Plat.
288 2381 303 2440 I
329 2381 424 2453 1862)
449 2398 562 2448 vocem
581 2382 754 2461 Ἀδείμαντε·
768 2382 937 2456 expunxit,
959 2382 1013 2442 vid
1033 2383 1119 2443 dicta
1139 2383 1178 2442 ad
1199 2384 1263 2443 354
1284 2384 1322 2443 A.
1339 2380 1355 2463 il

181 2493 322 2567 Vulgata
351 2492 403 2552 καὶ
430 2494 533 2574 γοίμοον
552 2499 614 2555 ,κολ
637 2496 820 2557 necessario
844 2498 995 2570 corrupta
1018 2498 1083 2557 est:
1111 2488 1171 2569 (1⁰)¹
1186 2511 1267 2570 opus
1290 2497 1360 2557 erat

184 2605 321 2685 <τήν>
346 2607 461 2687 γάμων,
483 2610 551 2681 (11⁰)
575 2625 644 2672 voc.
669 2617 772 2687 κτῆσιν
797 2612 837 2671 ad
861 2609 965 2689 γάμων
985 2611 1018 2671 et
1036 2591 1228 2681 παιδοποιίας
1248 2614 1359 2671 menie

182 2721 323 2797 suppleri
341 2725 454 2796 neq-uit
473 2723 623 2797 (Gampbt
648 2726 759 2800 „these
781 2724 882 2797 genit.
902 2723 1042 2797 depende
1063 2738 1148 2798 upon
1167 2738 1259 2783 some
1272 2726 1359 2784 word

181 2836 217 2897 oi
241 2850 330 2896 more
354 2836 483 2908 general
508 2837 661 2910 meaning
683 2837 830 2910 supplied
852 2836 937 2897 from
960 2840 1084 2912 κτῆσιν),
1111 2837 1194 2906 (1110)
1217 2831 1236 2912 ἡ
1260 2845 1359 2912 κτῆσις

180 2945 201 3026 ἡ
232 2957 290 3009 οῖον
320 2958 472 3028 γυναικοῖν
502 2948 664 3023 significat
679 2944 700 3019 ¹)
731 2947 763 3008 οὐ
793 2953 908 3028 γαμεῖν,
931 2949 1040 3021 itaque
1065 2949 1159 3023 plane
1183 2949 1240 3008 illa
1262 2949 1360 3009 verba

178 3060 230 3122 καὶ
251 3061 355 3142 γοίμοιν
378 3063 552 3124 abundant.
576 3063 646 3123 Has
669 3064 708 3124 ob
732 3078 849 3123 causas
872 3063 1042 3135 vulgatam
1062 3079 1126 3124 non
1146 3077 1262 3122 sanam
1282 3064 1359 3136 puto

178 3180 211 3239 et
244 3179 330 3238 hunc
360 3178 395 3237 in
425 3178 562 3238 modum*
590 3178 829 3250 corrigendam:
861 3175 916 3254 τήν
947 3197 977 3235 οε
999 3183 1058 3234 οων
1081 3183 1233 3254 γυναικῶν
1257 3183 1360 3252 κτῆσιν

181 3287 242 3362 [καί
260 3289 375 3370 γοίμων]
397 3289 447 3350 καὶ
469 3289 603 3365 <τὰς>
625 3288 817 3361 παιδοποιίας
832 3284 853 3360 ²)
874 3294 944 3367 κτλ,-
963 3291 1002 3352 cf.
1017 3291 1082 3350 449
1097 3286 1198 3368 Carpi
1209 3298 1360 3369 γνναικδον

178 3425 208 3463 οε
226 3400 278 3463 καί
296 3403 425 3481 παίδων,
443 3406 509 3465 450
526 3405 548 3465 O
567 3400 586 3481 ἡ
606 3403 768 3465 κοινωνία.
782 3449 788 3462 .
802 3450 808 3462 .
822 3449 828 3462 .
842 3403 979 3464 ,παίδων
999 3425 1028 3463 τε
1048 3401 1115 3482 πέρι
1134 3401 1186 3462 καί
1200 3383 1362 3482 γνναικῶν,

181 3519 298 3592 quibus
328 3519 408 3579 locis
438 3519 654 3594 respiciuntur
680 3534 729 3595 ea,
753 3534 835 3592 quae
858 3520 969 3579 nostro
993 3519 1062 3579 loco
1086 3518 1177 3579 dixit.
1204 3518 1361 3578 Richards

181 3630 295 3703 (class.
318 3633 397 3693 Rev.
425 3633 519 3704 1893)
543 3648 600 3707 pro
622 3631 725 3710 γοίμοιν
748 3632 932 3706 requirebat
953 3630 1077 3710 γάμους,
1100 3631 1221 3716 optime
1246 3631 1275 3691 si
1298 3647 1362 3692 non

180 3741 200 3822 ἡ
223 3753 283 3804 τῶν
305 3767 371 3825 γων.
394 3753 495 3822 κτῆσις
519 3746 735 3819 praecederet.

31 3867 95 3927 424
126 3860 156 3927 Α
226 3859 349 3933 Optimi
383 3859 471 3920 codd.
512 3858 666 3919 exhibent
701 3855 788 3917 κοινὰ
822 3854 859 3916 ιὰ
890 3857 986 3933 φίλων
1019 3858 1116 3932 (prob.
1141 3859 1222 3920 Bklr.
1248 3860 1359 3934 Herm.

181 3973 298 4033 ceteris
332 3972 445 4048 editt),
476 3971 561 4044 quod
590 3985 655 4031 non
686 3971 811 4030 minus¹
828 3971 976 4045 ineptum
1006 3987 1105 4044 quam
1138 3965 1248 4032 Stallbi
1275 3967 1362 4030 κοινὰ

179 4093 239 4145 οῖον
269 4084 374 4160 φίλων.
404 4085 551 4144 Insiticia
581 4085 679 4160 enim,
710 4084 737 4144 si
769 4099 833 4156 qua
864 4083 938 4159 alia,
971 4086 1049 4144 sunt
1078 4081 1232 4144 verbani
1256 4082 1362 4160 φίλων,

183 4214 258 4260 cum
282 4198 458 4260 manifesto
482 4198 630 4259 Socrates
649 4198 736 4258 dicat
756 4198 852 4258 haec:
873 4205 964 4257 ιαοοα
984 4195 1081 4256 πάντα
1101 4201 1159 4266 (sc.
1181 4195 1212 4255 αῖ
1223 4201 1361 4276 γυναῖκες

217 4502 236 4570 ¹)
254 4507 296 4555 eie
314 4507 340 4553 ln
359 4507 438 4555 4510
454 4507 481 4552 in
498 4506 584 4553 verbis
602 4505 692 4552 παίδων
710 4521 734 4552 τε
751 4508 789 4552 καί
807 4512 922 4564 γυναικῶν
940 4508 1018 4563 κτῆσίς
1035 4519 1059 4550 τε
1076 4505 1114 4549 καί
1129 4505 1198 4567 χρεία
1215 4514 1264 4548 vox
1282 4507 1360 4560 κτῆσις

183 4587 210 4633 αδ
227 4593 309 4645 γαμεῖν
327 4585 463 4644 significet,
480 4588 507 4631 at
521 4597 575 4631 voe.
593 4588 662 4648 χρεία
680 4589 785 4643 σημαίνει
802 4585 843 4643 τὴν
862 4586 981 4630 κοινωνίαν
997 4591 1042 4628 τῶν
1060 4589 1181 4639 γυναικῶν,
1200 4581 1232 4628 of.
1252 4582 1300 4628 466
1316 4581 1343 4628 Ο.

215 4662 236 4726 ²)
254 4666 314 4714 Aoo.
332 4665 401 4724 plur.
418 4665 454 4712 nil
471 4664 568 4712 insoliti
585 4664 671 4712 habet.
690 4662 818 4712 Ineter
835 4663 995 4716 παιδοποιίαις
1011 4661 1113 4722 legitur.
