3417 5175
918 372 959 431 94

351 554 462 639 ἀπορίμ
481 559 569 634 prob.
591 558 814 629 Stallb.(1858)
844 558 926 617 Bait.
950 557 1079 633 Gampb.
1102 548 1208 635 (dub),
1230 575 1294 620 non
1314 562 1411 639 male,
1433 564 1529 623 modo

352 688 427 733 cum
455 673 522 733 cod.
556 655 678 733 Monac}
710 671 820 731 οἰκείου
851 672 951 747 legas.
985 672 1159 736 Schneider
1190 674 1359 747 vulgatam
1387 676 1531 737 defendit

352 784 403 845 καὶ
427 803 482 862 per
508 787 643 861 „idque”
668 788 809 863 vertens,
834 788 869 847 at
892 785 923 845 τὸ
948 783 1062 870 ἐπακτῷ
1085 787 1190 872 δικαίῳ
1210 793 1340 868 χρῆσθαι
1360 805 1426 850 non
1446 792 1530 851 nude

326 974 328 978 ι
353 900 496 975 positum
528 902 579 961 est
605 915 661 974 pro
685 915 818 959 causam
843 902 928 975 apud
950 901 1073 962 iudices
1102 902 1244 979 dicendo,
1271 903 1328 963 sed
1351 903 1409 963 illa
1433 905 1530 964 verba

354 1012 537 1086 significant
559 1014 725 1073 bominem
749 1014 1001 1075 incontinentiae
1030 1016 1128 1088 atque
1150 1015 1423 1091 intemperantiae
1448 1018 1528 1078 dedi·

354 1128 425 1186 tum
457 1127 616 1187 iustitiam
649 1127 763 1200 suique
794 1126 1048 1188 dominationem
1082 1129 1244 1206 amittere,
1268 1130 1380 1203 itaque
1404 1130 1528 1191 alienae

355 1240 499 1300 iustitiae
522 1242 555 1300 et
579 1241 766 1300 dominatus
788 1240 941 1317 indigere,
964 1242 1047 1314 quod
1073 1241 1183 1302 οἰκείου
1205 1241 1322 1303 δικαίου
1342 1240 1457 1323 ἀπορος
1475 1246 1526 1305 sit.

354 1354 533 1414 Hermanni
553 1359 613 1413 cam
633 1350 693 1423 (καλ
713 1350 823 1431 ἀπορία
843 1352 971 1425 οἰκείου)
990 1357 1077 1429 prob.
1096 1356 1290 1434 Scbmelzer‚
1305 1359 1410 1419 male:
1433 1372 1528 1419 causa

354 1475 406 1525 τοῦ
438 1465 552 1550 ἐπακτῷ
583 1488 606 1524 τ.
630 1466 655 1525 d.
679 1470 809 1544 χρῆσθαι
832 1470 884 1527 est
906 1468 977 1543 ipsa
1001 1465 1121 1547 ἀπορία,
1143 1471 1253 1544 itaque
1278 1472 1456 1533 absurdum
1479 1474 1527 1532 est

290 1614 292 1616 -
354 1596 487 1641 causam
508 1596 582 1641 cum
603 1581 720 1640 effectu
740 1581 930 1654 adaequare.
952 1581 1103 1657 Madvigii
1123 1586 1157 1644 ca
1174 1588 1303 1663 χρῆσθαι
1318 1584 1524 1659 <ιλικαίιου>

354 1690 463 1774 ἀπορία
494 1692 611 1752 οἰκείων
641 1708 756 1767 parum
787 1694 919 1768 elegans
950 1697 1010 1756 esi.
1043 1696 1124 1757 Cum
1157 1698 1268 1757 autern
1296 1698 1412 1771 optimi
1440 1700 1524 1760 codd.

355 1805 471 1865 οἰκείων
494 1808 525 1867 h.
551 1822 578 1866 θ.
603 1804 720 1865 οἰκείων
747 1814 805 1865 τῶν
830 1805 954 1866 δικαίων
979 1809 1154 1870 exhibeant
1177 1826 1237 1870 ned
1259 1808 1295 1869 τὰ
1318 1810 1420 1870 δίκαιον
1444 1813 1526 1872 idem

354 1919 535 1993 significare
565 1920 691 1993 possint
721 1934 758 1979 ac
792 1918 824 1980 τὸ
848 1919 965 1979 δίκαιον
991 1922 1086 1990 (sicut
1109 1920 1144 1981 τά
1167 1920 1243 1981 καλά
1265 1940 1285 1983 a
1307 1933 1346 2006 τῷ
1371 1928 1452 2009 καλῷ
1475 1926 1525 1987 dii-

354 2033 483 2103 ferunt),
506 2033 616 2093 nullus
636 2032 746 2093 dubito
767 2034 843 2106 quin
867 2034 930 2094 tria
953 2034 1010 2095 illa
1030 2035 1187 2096 vocabula
1209 2034 1259 2095 καὶ
1283 2034 1393 2120 ἀπορίμ
1414 2038 1526 2099 οἰκείου

355 2162 372 2206 e
393 2162 457 2220 mg.
478 2146 666 2222 irrepserint
685 2148 718 2205 et
737 2147 947 2222 interpolator
967 2149 1007 2207 ad
1029 2146 1145 2208 οἰκείου
1168 2152 1277 2229 mente
1297 2151 1370 2211 eddi
1391 2152 1527 2213 voluerit

355 2268 469 2336 κριτῶν.
489 2261 594 2320 Futile
614 2261 667 2319 est
685 2260 1031 2335 interpretamentum
1053 2262 1125 2335 quis
1138 2263 1225 2323 enim
1239 2264 1343 2324 nescit
1355 2261 1388 2323 τὸ
1400 2270 1527 2343 χρῆσθαι

308 2369 333 2437 G
356 2370 470 2454 ἐπακτῷ
500 2395 557 2431 τινι
588 2372 671 2433 effici
702 2369 810 2455 ἀπορίᾳ
843 2372 979 2433 οἰκείονί
1012 2365 1032 2456 ΙΙ
1064 2376 1135 2437 Par.
1167 2376 1196 2436 Α
1219 2378 1253 2437 et
1275 2377 1343 2437 cod.
1367 2378 1525 2438 Malaiest.

354 2484 542 2565 λυγιζόμενος
572 2502 629 2560 pro
661 2486 747 2565 λογιζ.
779 2488 922 2547 tradunt.
956 2488 1029 2547 Mox
1061 2488 1297 2550 Herwerdenus
1328 2490 1403 2560 (Mn.
1435 2492 1525 2560 1891)

353 2589 496 2676 postulat
519 2597 661 2678 ὑποσχεῖν
683 2617 740 2675 pro
763 2607 934 2680 παρασχεῖν,
958 2603 1027 2663 sine
1052 2619 1168 2664 causa:
1193 2606 1229 2664 ut
1252 2606 1369 2666 dicitur
1392 2603 1526 2685 παρέχειν

351 2711 461 2794 γέλωτα
492 2715 525 2776 et
555 2712 677 2802 πάσχειν
709 2718 817 2793 γελοῖοι,
848 2717 895 2776 sic
919 2717 1039 2791 optime
1064 2719 1126 2778 diei
1148 2721 1258 2792 potest
1280 2715 1419 2798 παρέχειν
1443 2719 1526 2797 δίκην

352 2830 386 2888 et
405 2826 526 2906 πάσχειν
545 2825 580 2886 κά
600 2827 708 2887 δίκαια.
722 2830 827 2889 Verba
845 2829 917 2889 ἀστε
927 2876 1001 2888 .....
1019 2830 1107 2909 δίκην
1126 2833 1266 2894 sortasse
1287 2834 1431 2895 insiticia
1442 2836 1525 2894 sunt.

352 2943 452 3002 Recte
471 2941 654 3016 Stephanus
681 2942 713 3002 V.
738 2943 773 3004 L.
798 2941 1016 3021 περιπεσόντων
1039 2945 1198 3021 probavit,
1223 2961 1286 3006 non
1311 2947 1399 3008 enim
1425 2949 1527 3008 solent

301 3049 332 3114 1)
356 3057 459 3117 morbi
479 3057 692 3117 anniversarii
711 3053 886 3133 ἐπιπίπτειν,
898 3054 1096 3135 ἐπισκήπτειν,
1115 3039 1246 3120 irruere.
1263 3051 1394 3143 {lRecte
1416 3054 1527 3122 Parin

355 3167 614 3247 ἐμπιμπλαμένους
633 3186 691 3245 pro
708 3167 950 3249 ἐμπιπλαμένους
962 3171 1057 3234 multi
1071 3173 1160 3234 editt.
1173 3177 1380 3250 receperunt;
1402 3177 1527 3236 utinam

354 3285 471 3358 ubique
493 3284 626 3359 probam
651 3285 791 3345 formam
814 3300 871 3359 pro
895 3287 1046 3360 corrupta
1069 3288 1267 3348 substituere
1291 3289 1463 3350 auderent!
1488 3323 1526 3334 -

354 3399 452 3458 Putat
483 3398 539 3458 Fa.
571 3397 841 3457 Poscnnunmnnu
876 3398 945 3474 „die
976 3399 1100 3460 Platon.
1131 3401 1254 3475 dialogo
1277 3402 1310 3461 in
1334 3402 1439 3463 ibrem
1463 3419 1527 3462 ver·

268 3582 271 3588 ¹
354 3511 512 3571 haltnisse
543 3526 583 3568 zu
614 3510 675 3570 den
707 3511 1000 3586 Hippokratischen
1028 3513 1193 3590 Schriften,
1217 3515 1394 3576 Landshut.
1420 3516 1526 3590 Progr.

355 3624 503 3684 abbandl.
524 3625 580 3684 der
603 3624 860 3686 Studienanstalt
883 3627 1015 3703 Metten,
1043 3627 1149 3688 1882”
1172 3629 1279 3689 verbis
1304 3627 1404 3704 φύσας
1427 3651 1457 3688 τε
1480 3627 1529 3688 καί

318 3770 321 3774 1
355 3736 520 3815 κατάρρους
550 3739 734 3812 respectum
766 3739 971 3825 Hippocratis
1001 3741 1119 3801 librum
1152 3739 1218 3819 περί
1249 3749 1355 3817 φυσολιυ
1383 3743 1414 3813 (i.
1439 3759 1466 3803 e.
1491 3743 1529 3804 dc

304 3852 507 3921 Ililatibus).
533 3841 552 3934 ΙΙ
576 3852 675 3912 Recte
699 3852 765 3912 iere
789 3867 904 3913 omnes
926 3854 1016 3914 editt.
1042 3855 1192 3914 statuunt
1215 3854 1386 3916 Platonem
1411 3870 1529 3916 memo·

352 3969 420 4028 riae
451 3967 545 4040 lapsu
568 3965 722 4040 Eurypyli
744 3982 864 4027 nomen
888 3968 951 4028 huc
975 3968 1135 4028 intulisse.
1161 3969 1212 4028 An
1238 3984 1313 4029 vero
1339 3970 1436 4030 verba
1460 3963 1530 4028 οάἀέ

353 4079 516 4166 Πατρόκλῳ
546 4091 585 4164 τῷ
617 4077 732 4163 ἰωμένῳ
756 4078 934 4158 ἐπετίμησαν
963 4083 1103 4156 genuina
1130 4084 1196 4142 sint
1220 4083 1313 4144 valde
1337 4098 1412 4144 cum
1438 4083 1530 4142 Aetio

295 4181 299 4188 ’
353 4196 473 4256 dubito.
496 4196 642 4256 Primum
664 4196 721 4254 aut
741 4195 914 4268 legendum
940 4197 1057 4274 [Πατρ]
1078 4205 1117 4279 τρο
1138 4192 1252 4280 ίυμένιμ
1273 4199 1331 4256 aut
1352 4199 1444 4274 Παιρ.
1467 4197 1528 4278 [τρο]

353 4305 478 4392 ἰωμένῳ,
500 4309 615 4369 deinde
638 4305 816 4385 ἐπετίμησαν
837 4308 970 4382 languet
989 4311 1063 4382 post
1084 4305 1264 4386 ἐμέμψαντο,
1283 4311 1355 4370 tum
1376 4309 1531 4383 uurypyu

354 4424 479 4483 curatio
510 4438 530 4483 a
561 4421 708 4482 Patroclo
740 4417 830 4480 οάἀέυ
854 4417 967 4480 ἀιοκον
991 4423 1257 4502 habebatneque
1282 4423 1322 4482 ab
1345 4421 1531 4496 Aesculapii

353 4535 439 4612 filiis,
464 4536 518 4609 qui
542 4537 604 4610 ipsi
626 4537 687 4596 hac
711 4536 847 4597 sanandi
871 4535 995 4595 ratione
1019 4537 1194 4598 utebantur
1218 4537 1267 4606 (cf.
1289 4537 1353 4596 408
1368 4536 1398 4596 Α
1419 4535 1460 4595 ὅτι
1480 4533 1532 4594 καὶ

352 4658 392 4733 τρο
418 4645 554 4732 Μενέλεῳ
573 4652 644 4726 κτλ),
663 4648 839 4724 vituperari
863 4649 999 4725 poterat,
1020 4651 1184 4724 postremo
1204 4651 1338 4710 modum
1353 4650 1531 4710 curationis
