3417 5175
923 408 943 468 4

348 596 450 655 blicae
480 596 584 656 forma
614 594 716 655 altera
746 594 785 655 de
807 595 933 654 iustitia
955 594 1093 668 bonique
1116 594 1188 656 idea
1211 597 1314 656 multo
1337 598 1522 670 graviorem

349 710 453 769 visam
486 724 558 769 esse
588 708 641 769 vel
668 709 774 768 solum
798 723 917 768 nomen
939 705 975 767 τὰ
997 706 1141 785 πολιτικά,
1165 724 1228 782 quo
1250 711 1335 783 apud
1359 710 1521 786 Olympio·

348 824 461 883 dorum
486 822 679 897 Respublica
700 825 867 896 praeterea
890 822 989 898 audit,
1014 823 1206 883 documento
1230 825 1282 883 est
1304 817 1335 893 ¹).

914 1075 955 1134 II.

390 1275 435 1335 Ut
457 1276 521 1335 iam
547 1291 644 1350 supra
666 1275 885 1350 inscriptionis
904 1275 1137 1350 additamenta,
1158 1275 1205 1335 sic
1224 1291 1310 1336 nunc
1330 1278 1365 1336 et
1383 1276 1519 1337 Politiae

345 1390 378 1448 in
398 1390 509 1449 decem
530 1390 627 1449 libros
647 1389 839 1449 divisionem
860 1388 1087 1448 Alexandrinis
1099 1389 1283 1464 tribuimus,
1298 1404 1378 1461 quos
1391 1391 1520 1451 constat

345 1506 415 1562 tarn
450 1503 645 1576 Thucydidis
679 1516 778 1576 quam
813 1502 967 1561 Herodoti
998 1502 1119 1575 scripta
1154 1502 1186 1560 in
1217 1502 1316 1562 libros
1349 1502 1517 1575 divisisse;

345 1631 509 1690 quumque
539 1615 772 1690 Aristophanes
802 1614 981 1687 Byzantius
1012 1614 1156 1674 Platonis
1187 1630 1283 1688 opera
1312 1616 1346 1675 in
1373 1616 1519 1688 trilogias

344 1730 483 1804 partitus
503 1730 556 1804 sit,
575 1729 697 1788 nullius
716 1728 870 1788 audaciae
890 1730 943 1787 est
959 1742 1088 1787 sumere
1101 1728 1241 1787 eundem
1253 1728 1353 1788 simul
1366 1728 1517 1789 Politiam

344 1847 377 1905 et
399 1845 511 1920 Leges,
531 1858 642 1904 crassa
662 1843 838 1916 volumina,
860 1842 892 1915 in
913 1842 1036 1914 aliquot
1054 1841 1121 1901 iero
1144 1856 1264 1914 aequas
1285 1845 1395 1915 partes
1414 1842 1517 1901 distri·

343 1960 462 2019 buisse.
488 1953 707 2032 Oui'opinioni
735 1972 798 2017 non
821 1957 1014 2016 adversatur
1037 1958 1114 2016 nota
1138 1956 1176 2016 A.
1203 1957 1297 2017 Gellii
1317 1957 1404 2027 (XIV
1424 1960 1454 2027 3)
1478 1959 1517 2019 de

342 2076 519 2150 separatim
550 2074 636 2134 edita
666 2072 781 2133 Politia
811 2072 953 2131 narratio
988 2071 1100 2145 ,lectis
1124 2072 1244 2131 duobus
1263 2072 1328 2147 fere
1352 2072 1439 2133 tibris
1462 2073 1517 2144 qui

341 2190 436 2261 primi
459 2190 493 2248 in
518 2188 635 2261 vulgus
658 2188 843 2261 exierant”;
869 2200 946 2244 narn
971 2186 1040 2244 sive
1066 2201 1194 2245 merum
1214 2188 1273 2247 hoc
1292 2189 1515 2247 commentum

342 2306 402 2379 est,
434 2304 470 2362 ut
501 2301 624 2362 Zellero
655 2302 792 2371 videtur,
816 2300 886 2359 sive
911 2314 1024 2359 revera
1048 2299 1165 2360 Politia
1188 2301 1419 2361 additamentis
1442 2316 1515 2375 pau·

341 2416 434 2475 latim
465 2416 577 2489 crevit,
610 2414 732 2474 Gellius
764 2412 816 2472 vel
846 2413 954 2487 potius
985 2413 1015 2472 is
1045 2414 1099 2485 qui
1131 2413 1219 2472 illius
1249 2414 1376 2475 fabulae
1404 2416 1516 2475 auctor

341 2534 401 2606 est,
433 2531 503 2590 sine
533 2529 629 2589 dubio
660 2543 760 2601 quum
788 2528 896 2588 verbis
927 2526 992 2588 illis
1023 2528 1110 2588 libris
1129 2528 1193 2603 sere
1216 2529 1336 2590 duobus
1359 2531 1514 2607 uteretur,

342 2646 380 2706 de
403 2646 517 2705 eadem
540 2643 694 2702 librorum
719 2656 818 2714 quam
846 2643 879 2701 et
902 2656 962 2700 nos
986 2642 1137 2701 novimus
1161 2643 1318 2702 divisione
1342 2645 1514 2720 cogitabat,

340 2773 538 2832 quamquam
570 2757 658 2817 nullo
689 2757 784 2817 modo
815 2773 857 2815 ex
888 2757 999 2816 decem
1031 2756 1097 2815 iilis
1128 2758 1189 2817 duo
1215 2758 1267 2817 vel
1293 2758 1358 2818 fere
1383 2759 1445 2818 duo
1468 2759 1515 2818 sic

340 2872 414 2944 eligi
437 2873 572 2944 possunt
597 2872 634 2930 ut
657 2871 765 2930 toturn
789 2868 941 2929 efficiant.

384 2984 519 3060 Qualem
550 2999 681 3058 operam
713 2983 946 3056 Aristophanes
979 2982 1123 3042 Platonis
1155 2982 1285 3056 scriptis
1315 2984 1447 3044 edendis
1478 3000 1516 3045 ac

329 3097 535 3181 corrigendis
565 3095 758 3170 impenderit
788 3097 1010 3167 quantumque
1041 3109 1125 3155 nova
1160 3109 1179 3154 a
1211 3095 1336 3169 vulgari
1364 3096 1515 3174 (δημώδει)

340 3211 478 3270 editione
498 3209 717 3283 discrepuerit,
738 3222 800 3267 non
822 3207 963 3281 amplius
983 3205 1114 3267 definire
1134 3208 1220 3283 licet,
1241 3208 1350 3281 itaque
1370 3211 1515 3284 praestat

341 3324 483 3382 virorum
515 3323 693 3396 doctorum,
728 3320 817 3380 velut
848 3320 1011 3380 Mahaffeii
1025 3313 1047 3390 ²)
1079 3321 1198 3391 (hiatus
1222 3321 1262 3381 ab
1286 3321 1515 3408 Alexandrinis

340 3435 451 3494 sedulo
474 3411 635 3507 expulsos
651 3448 723 3492 esse
751 3433 917 3508 putantis),
942 3432 1208 3522 hanolationibus
1231 3433 1329 3495 fidem
1353 3452 1513 3498 recusare.

341 3548 418 3606 Post
437 3548 548 3606 autem
568 3546 634 3606 iere
654 3546 912 3619 sesquiseculum
934 3547 1012 3606 haec
1033 3547 1129 3608 editio
1145 3550 1195 3608 tot
1211 3549 1376 3622 tantisque
1389 3550 1516 3610 mendis

341 3660 469 3735 oppleta
498 3660 599 3719 fuisse
630 3660 758 3719 videtur
789 3660 826 3718 ut
860 3659 999 3734 Atticus,
1032 3660 1060 3718 si
1092 3675 1169 3720 vera
1199 3665 1276 3721 sunt
1307 3677 1389 3734 quae
1421 3681 1451 3724 v.
1484 3664 1514 3724 d.

341 3775 467 3834 Usener
496 3774 529 3833 in
560 3773 659 3833 diario
694 3773 798 3849 ,Gott
832 3772 982 3834 Gelehrte
1005 3773 1121 3834 Nachr.
1150 3775 1255 3834 1892”
1281 3776 1430 3849 perdocte
1453 3776 1515 3836 dis·

340 3888 478 3963 putavit,
510 3886 654 3946 melioris
684 3886 834 3946 editionis
865 3886 1025 3962 parandae
1057 3888 1229 3974 consilium
1257 3889 1385 3963 ceperit.
1412 3888 1517 3949 (ilarus

342 4003 477 4078 Usener,
512 4001 564 4061 cui
594 4000 678 4060 Weil
713 4000 938 4076 adstipulatur,
973 4016 1036 4060 non
1076 4001 1171 4061 modo
1207 4001 1350 4062 Platonis
1384 4004 1517 4063 textum

343 4117 473 4192 qualem
504 4114 629 4176 codices
659 4113 752 4172 nobis
781 4113 983 4174 tradiderunt
1014 4129 1055 4174 ex
1087 4113 1188 4174 Attici
1222 4115 1353 4175 libraria
1387 4115 1518 4177 officina

344 4317 560 4326 -.—---—-

376 4458 395 4518 ¹)
412 4462 468 4508 Viri.
494 4464 627 4521 praeterea
652 4461 764 4520 Etymol.
790 4461 857 4520 Mag.
883 4475 909 4520 p.
932 4463 1013 4511 sili
1040 4464 1199 4521 toparcham
1224 4463 1302 4524 μέντοι
1329 4467 1431 4511 Πλάτων
1452 4468 1477 4512 ὒν
1494 4466 1517 4513 α’

302 4553 305 4556 ’
344 4546 470 4587 Πολιτικῶν
486 4540 520 4597 (v.
536 4541 552 4590 l.
572 4544 698 4587 Πολιτιίων
715 4543 742 4586 st
759 4540 898 4608 Πολιτείας).
918 4541 1047 4589 Antistio.
1071 4542 1134 4588 Bkk.
1155 4543 1244 4590 anecd.
1261 4556 1286 4602 p.
1307 4543 1402 4590 100.21
1422 4543 1519 4599 ἰδίωσις·

343 4625 441 4667 Πλάτων
457 4623 558 4683 τετάρτῳ
576 4615 602 4683 (l.
621 4614 728 4683 πέμπτῳ)
749 4623 882 4666 Πολιτικῶν.

375 4696 395 4765 2)
413 4699 591 4756 Ouuninghsm
610 4699 732 4744 memoirs
751 4699 824 4744 1891.
843 4698 881 4744 On
900 4698 942 4744 the
960 4699 1077 4747 Plinders
1095 4698 1166 4747 Petri
1184 4702 1282 4761 papyri.
