3417 5175
880 382 939 432 xvt

320 556 409 631 potui
441 556 682 617 emendationes
712 557 785 617 indo
822 573 841 617 a
864 557 986 617 Baitsri
1009 557 1148 617 editione
1173 559 1288 630 quarta
1313 557 1346 635 (i.
1371 574 1399 618 e.
1423 559 1496 620 inde

322 672 361 730 ab
384 685 468 730 anno
494 672 590 740 1874)
622 685 725 744 usque
761 671 801 731 ad
826 672 903 731 anni
927 669 1161 730 MDOGOXGIV
1185 670 1283 731 finem
1306 687 1326 730 a
1348 671 1497 745 plurimis

323 785 401 845 viris
425 784 527 844 doctis
550 783 692 857 prolatas
716 784 907 844 memoravi.
933 785 1024 844 Hanc
1048 786 1135 844 enim
1155 784 1230 844 boni
1250 785 1382 845 editoris
1400 784 1497 845 officii

323 899 449 971 partem
479 897 546 957 fare
576 912 705 971 semper
736 898 875 957 editores
901 898 1073 957 novissimi
1096 897 1309 970 neglexerunt
1330 898 1401 958 siva
1423 899 1497 958 illas

324 1011 566 1073 emendationes
598 1015 745 1083 (quarum
776 1011 843 1071 fere
874 1025 937 1070 non
968 1026 1033 1070 una
1063 1014 1114 1071 est
1140 1025 1238 1083 quam
1262 1026 1326 1071 non
1347 1013 1497 1081 tractavi)

324 1125 487 1185 mantione
518 1125 667 1198 indignas
698 1124 855 1183 habentes
887 1125 957 1184 sive
987 1139 1099 1183 earum
1123 1124 1375 1197 colligendarum
1399 1126 1497 1185 taedii

322 1238 454 1312 plenum
486 1254 566 1312 opus
597 1238 804 1310 refugientes
836 1238 1004 1297 Postremo
1036 1237 1208 1298 nonnullas
1238 1238 1439 1312 suspiciones
1465 1239 1498 1297 et

324 1354 525 1413 coniecturas
554 1368 572 1411 e
603 1368 676 1412 mea
707 1368 788 1425 gaza
819 1354 962 1427 prompsi
993 1353 1154 1426 imprimis
1189 1351 1361 1411 attendens
1396 1351 1498 1411 sicubi

323 1466 445 1525 librarii
473 1466 589 1547 spuria
623 1481 697 1525 cum
732 1466 882 1538 genuinis
921 1466 1141 1539 miscuissent,
1177 1481 1252 1525 cum
1287 1465 1368 1524 mihi
1401 1465 1497 1539 probe

324 1594 516 1651 persuasum
548 1579 591 1638 sit
622 1579 766 1638 Platonis
794 1580 915 1653 scripta
938 1578 1072 1638 insulsis
1095 1579 1326 1638 additamentis
1352 1571 1372 1647 ¹)
1397 1578 1496 1636 maxi·

326 1707 399 1751 mas
417 1691 507 1751 labes
527 1692 738 1752 contraxisse.
760 1693 821 1752 Hic
840 1693 908 1751 illic
927 1692 1189 1765 orthographiam
1209 1692 1348 1751 tractavi
1367 1693 1401 1752 et
1411 1692 1498 1751 locos

326 1806 449 1878 aliquot
471 1805 624 1866 obscuros
647 1806 851 1880 interpretari
875 1808 972 1878 atque
996 1805 1169 1879 explanare
1193 1806 1330 1877 suscepi.

370 1919 537 1979 Prasiandi
572 1918 671 1979 linem
704 1918 826 1979 faciens
857 1934 912 1979 eos
944 1920 1059 1991 quibus
1091 1918 1242 1977 audacior
1271 1918 1372 1976 fuisso
1409 1917 1498 1976 visus

327 2032 454 2106 fuerim,
482 2032 612 2103 rogatos
637 2031 733 2090 velim
763 2047 803 2091 ne
828 2034 1051 2107 succenseant,
1076 2032 1133 2091 sed
1155 2031 1361 2094 recordentur
1385 2045 1499 2089 verum

326 2160 368 2204 ex
391 2145 577 2220 opinionum
602 2146 806 2205 contentione
830 2144 927 2223 ὥσπερ
952 2142 984 2203 ἐκ
1006 2144 1137 2223 πυρείων
1161 2141 1317 2220 ἐκλάμψαι.

358 2352 446 2410 Hagno
464 2351 591 2398 comitum
609 2352 801 2399 MDOCOXOVI

425 2456 447 2487 a.
465 2442 489 2487 d.
508 2441 552 2488 XV
569 2444 618 2490 kal.
637 2444 714 2489 Mart.

360 2693 377 2755 ¹)
397 2694 534 2741 verissime
552 2695 693 2741 Sohanzius
710 2695 825 2751 (Studien
844 2708 869 2754 p.
887 2693 928 2746 30,
947 2695 1009 2751 „Die
1026 2695 1225 2755 Hauptuuigabe
1242 2694 1288 2741 das
1307 2695 1499 2741 Platocritikers

326 2773 386 2819 vvird
405 2774 496 2820 immor
514 2773 555 2820 dis
573 2775 637 2835 sein,
654 2774 696 2820 die
713 2775 796 2821 vielen
813 2775 942 2822 uueohtsn
959 2774 1064 2821 Zusiitse
1082 2772 1308 2821 auanuscheiden.”
