3417 5175
905 403 945 465 32

336 589 550 671 ε’τττορισούσης
581 594 638 664 (sic
670 593 800 669 Stepb.).
832 594 893 653 Ast
924 594 1035 653 autem
1066 595 1100 654 et
1131 595 1257 656 Beklrer
1284 610 1361 656 cum
1387 597 1512 657 duobus

336 709 425 769 codd.
468 709 554 768 recte
589 704 784 786 ἐκποριούσης
819 680 1027 781 scripserunt.
1064 706 1167 769 Ceteri
1203 708 1293 770 editt.
1330 713 1512 783 praesentis

282 824 312 889 B
335 822 538 896 participium
559 823 740 898 servarunt,
762 821 865 893 male;
889 822 928 881 ci.
949 821 982 881 in
1002 822 1026 881 Ε
1047 818 1188 897 σκέψεταί
1198 820 1286 881 τεκαὶ
1300 822 1464 901 προστάξει.
1479 816 1499 907 ΙΙ

335 935 372 995 In
399 935 609 1009 sequentibus
631 936 744 995 textus
766 936 910 1009 graviter
933 934 1147 1009 interpolatus
1170 938 1230 997 est.
1256 937 1362 997 Verba
1386 933 1433 995 ε’ττλ
1456 935 1511 1014 τὴν

336 1045 428 1125 αὐτῆς
458 1048 606 1126 πονηρίαν
636 1047 669 1108 τὸ
699 1045 851 1127 ξυμφέρον
883 1053 1013 1124 σκοπεῖν,
1041 1064 1123 1122 quae
1155 1051 1188 1110 et
1219 1051 1453 1123 grammaticae
1477 1054 1512 1112 et

336 1163 517 1222 sententiae
543 1163 765 1237 adversantur,
790 1162 925 1223 delenda
948 1178 1073 1223 censeo.
1100 1163 1179 1223 Cum
1203 1164 1290 1224 enim
1315 1166 1511 1226 subobscure

335 1275 427 1336 Plato
450 1277 633 1350 scripsisset
656 1272 676 1353 ἢ
699 1272 766 1335 οὔτε
789 1272 972 1352 αὑτηςολλτε
995 1272 1084 1352 ἄλλης
1108 1275 1278 1354 προσδεῖται
1302 1282 1394 1350 (quae
1414 1278 1510 1351 signi·

335 1388 434 1449 fleant
456 1385 476 1467 ἢ
500 1385 641 1448 obteret
664 1386 740 1472 αὐτῇ
763 1387 795 1448 τὸ
818 1386 970 1467 ξυμφέρον
994 1393 1115 1447 σκοπεῖν
1138 1388 1308 1467 προσδεῖται
1332 1387 1399 1450 οᾶτε
1420 1388 1510 1474 ἄλλης

334 1500 447 1581 τέχνης)
470 1504 587 1577 aliquis
607 1491 646 1564 a'd
667 1501 758 1579 αὑτῆς
777 1502 1137 1580 προσδεῖταιαᾶαοτὶροίλ
1156 1499 1188 1561 τὸ
1208 1500 1360 1581 ξυμφέρον
1381 1509 1513 1581 σκοπεῖν,

335 1617 375 1676 ad
406 1613 495 1693 ἄλλης
526 1616 695 1694 προσδεῖται
718 1618 829 1677 autem
854 1613 902 1675 ἐπὶ
924 1613 978 1691 τὴν
1003 1614 1094 1692 αὐτῆς
1117 1616 1275 1694 πονηρίαν,
1299 1619 1413 1678 deinde
1436 1619 1512 1680 illae

335 1730 633 1790 animadversiones
667 1731 737 1790 sine
772 1730 837 1790 ullo
869 1746 955 1790 nexu
986 1731 1018 1790 in
1050 1732 1178 1790 textum
1210 1731 1322 1792 illatae
1357 1735 1443 1792 sunt.
1469 1734 1513 1792 At

335 1844 485 1904 continuo
515 1846 584 1918 ipse
615 1845 706 1906 Plato
736 1845 841 1904 fusius
874 1844 1016 1919 explicat
1047 1861 1129 1919 quae
1160 1846 1302 1906 breviter
1331 1847 1513 1920 praemissa

335 1959 444 2016 erant:
476 1958 516 2018 ad
541 1954 646 2034 ἕνοτης
670 1959 756 2017 enim
781 1956 951 2035 ’προσδεῖται
975 1960 1203 2033 explicandum
1227 1960 1389 2033 pertinent
1416 1960 1513 2020 verba

335 2065 406 2129 οὐδὲ
428 2068 570 2149 προσήκει
601 2068 686 2155 τέχνη
709 2068 786 2155 ἄλλῳ
811 2069 842 2131 τὸ
868 2069 1020 2150 ξυμφέρον
1045 2074 1140 2149 ζητεῖν
1163 2075 1222 2148 κτλ,
1246 2075 1285 2133 ad
1309 2069 1399 2150 ἄλλης
1423 2093 1513 2151 προς-

335 2183 426 2241 δεῖναι
449 2186 560 2245 autem
585 2185 683 2245 verba
703 2182 770 2243 οὔτε
790 2182 846 2264 γὰρ
866 2184 996 2262 πονηρία
1016 2182 1083 2245 οὔτε
1103 2182 1230 2262 ἁμαρτία
1250 2183 1375 2262 οὐδεμία
1387 2184 1504 2268 οὐδεμί,

334 2292 419 2379 τέχνη
448 2296 596 2374 πάρεστιν.
630 2298 711 2360 ilum
743 2299 830 2359 enim
862 2300 930 2373 ipse
963 2299 1111 2360 Socrates
1134 2299 1254 2360 diserte
1278 2301 1364 2360 dicat
1386 2301 1512 2361 nnllam

334 2413 439 2472 artem
471 2428 526 2485 per
557 2428 592 2473 se
620 2414 843 2487 imperfectam
870 2429 953 2489 esse,
978 2429 1041 2487 quo
1065 2414 1160 2474 modo
1184 2414 1282 2487 igitur
1305 2414 1382 2473 ferri
1405 2415 1514 2487 potest

333 2521 400 2583 οὔτε
434 2521 523 2615 ἄλλης
555 2522 584 2603 (ἡ
615 2522 711 2605 τέχνη)
743 2526 912 2607 προσδεῖται
948 2524 1010 2585 ἐπὶ
1040 2525 1109 2604 τὴν
1141 2524 1263 2604 αὐτῆς
1286 2526 1513 2607 πονηρίανῖ

334 2640 490 2700 Similiter
512 2640 608 2714 paulo
628 2643 704 2700 ante
728 2630 801 2712 (341
826 2642 864 2712 D)
888 2643 922 2702 in
947 2643 1052 2703 verbis
1076 2634 1124 2719 ἄρ’
1151 2632 1207 2702 οὖν
1230 2639 1280 2701 καὶ
1303 2640 1410 2725 ἑκάστη
1421 2687 1509 2700 ......

332 2749 432 2812 τελέαν
455 2746 530 2812 εῖναι
550 2754 696 2814 nonnulli
720 2755 841 2817 librarii
862 2756 1088 2816 annotationes
1109 2756 1305 2830 marginales
1325 2757 1358 2816 in
1378 2757 1510 2816 textum

334 2867 521 2943 intulerant,
553 2883 635 2942 quas
665 2868 764 2928 Beklr.
796 2871 830 2928 et
861 2869 1007 2929 Schneid.
1036 2884 1133 2942 preve
1158 2871 1381 2944 susceperunt.
1407 2903 1448 2913 -
1473 2870 1509 2929 In

335 2981 406 3041 Par.
442 2981 471 3041 Α
504 2997 551 3056 pr.
587 2997 631 3042 m.
666 2972 737 3041 αὖ..
772 2983 912 3059 scripsit,
948 2985 1108 3043 corrector
1143 2981 1226 3059 αὐτη.
1261 2984 1367 3043 Verba
1399 2978 1509 3060 ἕωσπερ

334 3091 372 3153 ἄν
382 3141 452 3154 .....
481 3093 558 3155 ἐστίν
580 3096 639 3167 (sic
662 3097 845 3170 legendum)
870 3097 951 3157 mihi
974 3113 1038 3158 non
1063 3113 1143 3157 seua
1167 3113 1239 3158 esse
1263 3098 1423 3172 videntur,
1448 3098 1509 3156 nisi

282 3211 475 3286 Ecorrigas
505 3213 563 3271 aut
592 3205 694 3286 <η>
721 3208 845 3289 ἀκριβὴς
870 3213 927 3271 aut
951 3207 1090 3289 ἀκριβῶς.
1114 3204 1133 3292 ΙΙ
1159 3211 1362 3287 Quamquam
1386 3210 1420 3269 in
1443 3211 1461 3280 ἓ
1484 3211 1509 3269 D

335 3318 419 3394 (καθ’
445 3322 516 3382 ὅσον
539 3322 647 3401 ἰατρὸς)
672 3326 706 3384 et
729 3325 831 3385 3451)
856 3318 938 3395 (καθ’
963 3323 1034 3384 ὅσον
1055 3321 1140 3402 ἀρχὴ)
1161 3326 1298 3385 verbum
1318 3322 1394 3383 ἐστίν
1415 3325 1508 3384 omis-

334 3453 408 3497 sum
440 3439 500 3513 est,
528 3438 637 3498 nescio
661 3453 701 3497 an
726 3441 759 3497 et
782 3439 834 3497 bic
858 3432 941 3508 (καθ’
968 3436 1040 3496 ὅσον
1064 3434 1162 3516 ἄρχων
1186 3434 1254 3507 ἐστὶ)
1279 3434 1338 3496 ἐστὶ
1360 3437 1509 3497 omitten-

334 3552 411 3610 dum
432 3551 485 3625 sit,
506 3552 581 3623 quia
600 3553 633 3610 et
654 3551 746 3610 3450
765 3544 848 3621 (καθ’
873 3549 943 3610 ὅσον
964 3551 1076 3628 ποιμήν
1101 3548 1188 3620 ἐστιν)
1201 3552 1348 3611 occurrit.
1362 3551 1510 3611 Praestat

334 3664 367 3722 in
386 3664 438 3722 his
457 3664 605 3724 minutiis
625 3664 713 3724 codd.
734 3665 834 3737 sequi.
865 3701 893 3708 -
920 3665 980 3725 Pro
1000 3661 1051 3722 καὶ
1067 3662 1141 3742 πρὸς
1154 3661 1267 3723 ἐκεῖνον
1280 3665 1338 3734 (sic
1350 3663 1509 3738 BremiuS,

334 3777 430 3847 Bait.)
460 3777 531 3837 Par.
564 3779 593 3837 A
625 3779 657 3836 et
688 3777 766 3838 Ven.
799 3780 834 3834 Π
854 3799 879 3836 ν.
907 3798 937 3836 ττ,
970 3774 1062 3836 ε’κεῐνο
1093 3778 1284 3838 exhibentes
1307 3777 1410 3837 secuti
1434 3759 1511 3836 sunt

334 3891 395 3950 Ast
416 3889 562 3949 Schneid.
583 3889 694 3949 Herm.
708 3888 829 3951 Woblr.
844 3890 986 3964 Gampb..
1000 3891 1121 3950 Vocem
1141 3887 1235 3949 ἐκεῖνο
1254 3890 1294 3950 ad
1306 3899 1346 3972 τηλ
1359 3887 1510 3972 ἀρχομένῳ

335 4005 445 4064 referri
468 4018 563 4078 posse
583 4004 664 4072 (coll.
688 4004 801 4078 3451),
822 4005 887 4064 346
901 4005 937 4074 D)
958 4006 1045 4064 recte
1067 4002 1213 4064 Schneid.
1236 4004 1357 4064 Woblr.
1379 4003 1509 4078 Campb.

334 4120 541 4195 contendunt,
577 4133 776 4191 quamquam
807 4121 936 4192 propter
966 4133 1157 4192 praegressa
1188 4116 1370 4195 κυβερνήτης
1401 4138 1431 4175 τε
1461 4109 1531 4174 καῖ’

334 4230 431 4312 ἄρχων
455 4236 489 4293 et
511 4232 606 4313 ναύτη
628 4253 657 4290 τε
681 4228 730 4290 καί
750 4228 901 4315 ἀρχομένῳ
923 4232 1062 4292 dubitari
1078 4226 1098 4301 ¹)
1120 4232 1227 4306 potest
1247 4246 1287 4290 an
1308 4240 1346 4312 τῷ
1360 4227 1510 4313 ἀρχομένῳ

334 4344 384 4405 καὶ
414 4341 437 4429 ᾧ
466 4349 516 4404 ττλ
546 4349 651 4409 neutr.
684 4346 811 4419 generis
842 4346 918 4405 sint.
951 4345 1153 4418 Simulatque
1186 4341 1280 4403 ἐκεῖνο
1304 4344 1510 4403 enuntiatum

367 4563 384 4625 ¹)
408 4568 482 4623 Quod
504 4582 563 4615 oum
585 4568 665 4628 probe
688 4568 775 4614 Aetius
798 4565 975 4628 intellexisset,
999 4570 1085 4613 tamen
1103 4580 1181 4626 preve
1199 4565 1338 4625 legendum
1356 4565 1455 4612 censuit
1472 4559 1511 4627 (ut

332 4659 379 4706 per
402 4648 588 4706 appositionem
607 4648 685 4694 verba
706 4648 733 4693 τὸ
758 4651 834 4710 lustror
858 4645 925 4707 ξυμφ.
950 4652 990 4694 κτλ
1013 4646 1100 4692 addita
1124 4645 1286 4706 putarentur)
1309 4646 1347 4692 καί
1365 4645 1424 4709 πρὸς
1441 4648 1511 4691 ἐκεῖνο

331 4727 423 4789 βλέπων
442 4727 504 4786 [καί]
523 4727 549 4772 τὸ
567 4731 645 4790 λκείνῳ
662 4725 731 4790 ξυμφ.
749 4731 796 4774 κτλ.
