3417 5175
789 368 806 425 7

208 553 335 630 Πειραιᾶ
359 552 429 612 sine
453 552 548 613 dubio
571 552 604 612 in
627 554 758 613 textum
782 555 963 630 recipienda
986 558 1037 617 est
1060 557 1110 627 (of.
1132 552 1200 616 GIA
1219 548 1256 614 n⁰
1276 556 1380 635 660„,

147 658 180 722 B
205 680 290 725 anno
311 664 485 725 390-385
507 680 535 725 a.
558 665 612 726 eh.
633 681 676 742 n.,
698 664 815 745 Δορκὰς
835 666 870 745 ἐμ
887 672 1027 749 Πειραιεῖ
1034 668 1178 738 οἰκοῦσα).
1192 660 1212 752 ΙΙ
1226 668 1382 730 Similiter

208 778 297 837 codd.
321 778 355 837 in
375 779 453 838 trita
472 778 632 840 locutione
651 777 726 856 πρὸς
745 775 817 840 ἄνευ
837 784 934 843 modo
957 784 1031 854 (vid.
1054 798 1104 843 ex.
1125 797 1171 855 gr.
1186 782 1277 851 3270)
1290 781 1380 842 artie.

207 891 374 968 omittunt,
406 893 501 954 modo
533 893 664 969 addunt,
689 894 791 955 male:
824 896 1041 957 omittendum
1073 911 1146 956 esse
1177 895 1267 955 artic.
1299 894 1382 955 aliae

207 1004 393 1066 huiusmodi
412 1005 590 1066 locutiones
610 1002 694 1076 (κατὰ
713 1005 801 1066 πόλιν
822 1009 953 1070 Theaet.
977 1010 1038 1069 142
1051 1011 1090 1085 A,
1111 1008 1151 1080 είς
1171 1004 1274 1084 λιμένα
1294 1008 1381 1083 ibid,

206 1114 240 1177 ἐν
263 1114 357 1201 ιἰμορᾷ
380 1119 457 1193 Rep.
483 1121 586 1190 3710)
610 1121 692 1180 satis
712 1136 871 1195 superque
890 1123 1015 1199 docent,
1035 1137 1137 1197 quum
1156 1122 1190 1181 in
1203 1121 1382 1195 quotidiano

206 1247 357 1293 sermone
376 1234 465 1294 νιιίίσ
483 1234 548 1294 olio
566 1249 634 1294 νοοε
654 1235 790 1309 opposita
809 1236 1018 1297 adhibentur:
1039 1237 1138 1297 sicin
1159 1236 1295 1296 Phaedri
1311 1236 1381 1295 init.

207 1343 241 1404 ἐν
263 1342 352 1423 ἄστει,
373 1349 431 1409 sed
453 1348 528 1409 ibid.
554 1349 619 1409 230
643 1348 693 1409 OD
716 1346 748 1408 ἐκ
770 1357 823 1408 τοῦ
843 1346 953 1421 ἄστεος.
975 1350 1054 1411 Vide
1074 1352 1107 1410 et
1127 1350 1251 1410 Menex.
1274 1351 1337 1410 243
1358 1350 1383 1409 E

207 1456 240 1517 ἕιι
258 1480 287 1518 τε
310 1457 365 1538 γὰρ
386 1468 439 1520 τοῦ
464 1463 611 1540 Πειραιῶς
635 1459 685 1520 καὶ
708 1462 739 1533 (l.
763 1459 830 1533 ιιάιι)
854 1470 907 1523 τοῦ
931 1459 1040 1535 ἄστεος.
1065 1497 1107 1505 -
1131 1464 1176 1523 De
1200 1462 1340 1523 formula
1363 1452 1382 1539 ἦ

209 1566 274 1643 δ’ὃς
298 1574 406 1635 confer
428 1590 510 1648 quae
534 1575 573 1636 A.
597 1576 751 1637 Ludwioh
770 1576 803 1637 in
824 1577 903 1637 Mus.
924 1577 1025 1659 ¹Rhen.
1050 1576 1134 1638 1886
1155 1593 1184 1652 p.
1205 1576 1381 1653 fiai-453

207 1686 395 1761 disputavit.

154 1798 183 1867 G
252 1799 380 1874 corrige
411 1801 595 1878 Ἀδείμαντος
626 1805 659 1863 ο1
691 1800 741 1861 καί
772 1800 788 1863 ὁ
812 1804 893 1875 (sive
916 1800 967 1882 χώ)
992 1802 1178 1882 Νινήρατος;
1201 1804 1273 1863 αλσο
1296 1803 1383 1864 diota

208 1915 249 1975 ad
273 1902 336 1975 334
359 1916 395 1977 Ε.
421 1951 462 1959 -
486 1918 585 1979 Recte
609 1918 722 1979 Stallb.
746 1918 816 1977 vam
837 1917 914 1978 Liv
933 1917 1059 1977 λείπεται
1079 1917 1223 1992 retinuit,
1244 1916 1291 1977 sio
1311 1916 1382 1993 Ast,

207 2028 319 2106 Berk,
355 2030 512 2107 Schneid,
548 2031 644 2107 Bait,
680 2032 838 2093 Sohmelz.
875 2031 1042 2107 (,tertium
1077 2030 1214 2105 datur'’),
1251 2028 1381 2103 campo.

209 2141 342 2202 Frustra
372 2143 484 2205 Herm.
505 2146 550 2205 et
580 2145 702 2207 Wohlr.
734 2144 893 2205 ίλλείπειαι
923 2146 1092 2206 defendere
1120 2143 1252 2204 student
1277 2142 1383 2202 verbis

210 2255 333 2316 Philebi
363 2272 390 2318 e.
422 2257 441 2318 8
473 2256 506 2318 τὸ
537 2253 567 2317 d'
593 2257 666 2318 αὐτό
689 2280 739 2335 μοι
762 2267 815 2319 τοῦ
839 2257 929 2339 λόγου
939 2303 1026 2317 ......
1050 2255 1215 2317 ἕλλείπειαι.
1239 2256 1383 2316 Venetus

211 2370 221 2428 t
252 2360 299 2427 mI
333 2366 484 2448 ἐλείπειαι,
505 2372 539 2431 in
562 2388 627 2445 mg.
652 2373 771 2446 legitur
793 2396 837 2452 φρ.
857 2372 893 2431 ιὲν
917 2371 1054 2448 λείπεται,
1076 2370 1206 2446 perinde
1229 2372 1326 2444 atque
1349 2368 1383 2428 in

210 2483 355 2547 Parisino
378 2486 416 2547 A.
440 2486 489 2545 Ex
513 2486 688 2547 Theaeteto
716 2487 777 2547 188
802 2488 831 2547 A
855 2487 992 2548 conferri
1015 2487 1122 2561 potest
1145 2482 1215 2544 dito
1238 2478 1267 2563 μ’
1295 2479 1384 2544 οὐδὲν

209 2598 337 2659 λείπεται
358 2603 416 2660 κτλ.
436 2635 479 2643 -
494 2601 600 2662 Verba
619 2598 658 2672 ὡς
676 2601 779 2662 τοίνυν
799 2600 840 2679 μὴ
861 2599 1073 2679 ἀκουσομένων
1092 2616 1155 2661 non
1175 2615 1194 2659 a
1215 2599 1385 2658 διανοεῖσθε

209 2714 350 2787 pendent
379 2716 417 2775 ut
442 2715 505 2775 Ast
527 2716 752 2793 praecipiebat,
776 2716 852 2789 quia
875 2716 928 2777 hio
951 2714 1028 2775 οὕτω
1052 2715 1197 2775 additum
1221 2715 1289 2788 est;
1318 2728 1384 2773 ver·

210 2827 343 2888 tendum
367 2830 419 2889 est
444 2844 545 2905 ,quae
569 2846 644 2890 oum
667 2830 715 2890 ita
737 2831 813 2905 sint,
835 2831 975 2903 cogitate
995 2829 1070 2902 quid
1093 2829 1182 2890 vobis
1202 2826 1385 2887 faciendum

210 2941 286 3001 sit.”
307 2918 419 3003 Verba
434 2939 474 3014 ὡς
490 2977 527 2985 —-
541 2940 753 3021 ἀκουσομένων
776 2945 854 3003 sunt
877 2959 949 3016 gen.
974 2942 1154 3016 absolutus,
1175 2940 1281 3013 qualis
1303 2938 1386 3012 apud
1510 2941 1512 2944 ’

210 3054 310 3116 Arist.
327 3056 388 3116 Av.
412 3057 496 3116 1513
517 3056 631 3116 obvius
649 3052 740 3115 dianae
761 3054 799 3132 δή
820 3076 877 3114 νυν
891 3050 986 3124 --ὡς
1005 3051 1169 3122 ἀκούοντος
1181 3048 1245 3129 λέγε
1258 3052 1291 3110 et
1303 3050 1387 3124 apud

211 3166 293 3229 Plat.
316 3168 455 3242 Euthyo.
481 3169 544 3229 295
557 3170 586 3228 A
610 3168 668 3228 ult.
693 3164 733 3238 ὡς
756 3163 1014 3245 ἀποκρινουμένου
1039 3162 1139 3244 ἐρώτα.

57 3280 127 3339 328
159 3274 190 3341 A
257 3283 294 3341 In
323 3284 412 3343 oodd.
445 3283 567 3356 aliquot
597 3275 653 3357 ἀφ’
687 3279 786 3340 ἵππων
817 3283 891 3356 post
914 3289 948 3362 αρ’
971 3284 1034 3362 θεῷ
1058 3278 1263 3352 collocatum,
1287 3280 1320 3337 et
1341 3277 1389 3336 ita

212 3410 297 3454 unus
316 3396 416 3457 Bekk.
436 3396 545 3472 edidit,
567 3398 602 3455 at
620 3396 774 3469 vulgatus
794 3396 967 3455 verborum
987 3394 1073 3469 ordo,
1094 3392 1214 3467 opinor,
1233 3391 1389 3451 maiorem

213 3509 280 3569 vim
301 3510 434 3571 obtinet.
455 3510 639 3571 Verisimile
659 3512 710 3570 est
728 3510 762 3570 in
783 3525 820 3571 eo
840 3509 1029 3584 exemplari,
1051 3523 1093 3567 ex
1112 3520 1175 3578 quo
1196 3505 1321 3565 codices
1342 3504 1390 3564 illi

212 3623 345 3700 fluxere,
383 3625 480 3685 verba
514 3619 568 3700 ἀφ’
607 3623 706 3683 ἵππων
741 3625 853 3699 utpote
884 3637 904 3683 a
934 3622 1064 3682 librario
1096 3620 1239 3695 primum
1269 3618 1392 3678 omissa

212 3738 326 3811 postea
346 3738 452 3798 verbis
471 3747 507 3822 τῇ
527 3742 590 3820 θεῷ
606 3737 824 3812 superscripta
836 3736 948 3811 fuisse,
962 3735 1036 3795 dein
1048 3735 1082 3793 in
1093 3733 1187 3795 novis
1200 3731 1391 3822 apographis

159 3855 189 3920 Β
211 3851 464 3911 describentium
486 3851 580 3926 culpa
597 3851 631 3911 in
651 3851 774 3910 malam
794 3850 907 3910 sedem
928 3847 1108 3908 devenisse.
1130 3836 1149 3925 ΙΙ
1170 3845 1230 3905 Pro
1245 3841 1392 3902 linteata

214 3964 285 4038 lege
309 3967 451 4023 Παιανιᾶ.

167 4079 192 4148 0
259 4078 396 4139 Notetur
425 4080 592 4153 parataxis
621 4080 655 4139 in
688 4077 794 4139 verbis
829 4074 879 4136 ἕπί
906 4097 986 4145 τινος
1018 4069 1259 4153 προσκεφαλαίου
1291 4089 1320 4126 ιε
1343 4065 1394 4126 ιιαί

215 4190 325 4270 δίφρου
360 4208 416 4267 pro
448 4189 497 4251 ἐπί
525 4213 605 4263 τινος
635 4189 878 4271 προσκεφαλαίου
905 4187 942 4248 tv
975 4187 1081 4272 δίφρῳ.
1114 4183 1255 4246 conferri
1286 4183 1394 4256 potest

215 4320 330 4365 versus
360 4306 555 4366 Homericus
587 4297 664 4364 εἷσεν
696 4297 724 4363 d’
758 4301 790 4363 ἐν
813 4305 962 4379 κλισμοῖσι
987 4299 1098 4378 τάπησί
1118 4319 1147 4357 τε
1169 4291 1393 4374 πορφυρέοισιν.

214 4421 263 4480 Ex
298 4420 350 4479 his
380 4421 413 4480 et
444 4435 486 4480 ex
516 4420 557 4480 iis
587 4434 670 4492 quae
701 4418 815 4479 statim
847 4417 1027 4490 sequuntur
1058 4410 1231 4474 manifesto
1263 4409 1396 4483 apparet

217 4533 344 4594 Platoni
375 4536 484 4594 mente
516 4534 697 4595 Homerum
725 4532 934 4592 obversatum
957 4543 1030 4589 esse
1055 4529 1087 4586 et
1110 4524 1280 4599 praecipue
1304 4536 1393 4596 gran·

216 4647 311 4710 daeri
331 4661 369 4710 ao
388 4646 583 4710 venerahilis
602 4646 749 4706 Nestoris
769 4644 947 4718 imaginem
967 4642 1052 4700 inter
1067 4637 1151 4700 filios
1163 4653 1241 4699 suos
1253 4635 1396 4698 sedentis
