3417 5175
764 347 826 409 159

208 535 233 594 L
265 532 486 621 ἐκαμφοιεμίζει
516 537 631 597 Aetius
657 537 814 611 probavit,
839 537 1015 613 rectissime,
1039 553 1103 597 non
1124 539 1220 598 modo
1244 540 1320 611 quia
1343 540 1383 599 ad

208 664 348 722 sequens
379 648 508 710 δυνατὸν
540 653 650 711 mente
677 650 892 725 supplendum
916 652 967 711 est
990 647 1049 708 ἐστι
1072 666 1131 711 neo
1154 667 1210 726 per
1234 651 1342 730 ζεῦγμα
1366 668 1383 712 6

207 764 406 837 praegressis
421 758 443 840 ¹)
483 763 569 823 δοκεῖ
599 764 639 823 ad
673 764 768 823 illum
802 764 1002 827 infinitivum
1033 765 1261 839 explicandum
1296 766 1383 826 sumi

206 879 323 953 potest,
360 878 417 937 sed
447 877 640 951 praesertim
671 877 747 951 quia
778 878 817 952 ei,
849 878 905 950 qui
937 875 967 936 τὸ
992 874 1233 955 ἐπαμφοτερίζειν
1254 876 1287 937 τὸ
1310 886 1384 937 νῶν

207 993 361 1049 πολλῶν
381 991 540 1064 exemplis
559 990 723 1051 illustrare
743 992 888 1066 conatur,
908 990 1044 1051 minime
1057 990 1202 1051 dubitare
1215 992 1382 1052 linetnum

207 1104 278 1177 ipsa
300 1103 357 1164 illa
380 1104 530 1178 exempla
552 1105 704 1164 naturam
727 1112 787 1163 τῶν
806 1101 1097 1181 ἐπαμφοτεριζόνιων
1117 1105 1212 1179 plane
1231 1105 1382 1181 referant,

206 1218 289 1289 quod
322 1232 386 1277 non
420 1218 467 1278 ita
498 1233 571 1278 osee
601 1216 782 1278 infinitivus
814 1217 930 1279 modus
960 1217 1089 1278 indicet.
1116 1251 1156 1260 -
1183 1218 1256 1280 Mox
1286 1220 1383 1279 verba

205 1327 272 1389 οίίιε
296 1327 448 1408 ἀμφότερα
471 1327 543 1390 οὔτε
562 1328 717 1408 οὐδέτερον
740 1330 851 1405 spuria
870 1332 957 1406 sunt,
978 1345 1055 1390 nam
1074 1330 1217 1403 primum
1237 1331 1311 1392 illas
1331 1347 1383 1392 res

206 1440 361 1523 οὐδέτερον
384 1460 456 1505 6886
481 1446 575 1506 modo
600 1440 677 1514 (οὔτε
700 1436 777 1503 εἶναι
800 1440 868 1503 οὔτε
891 1440 931 1521 μὴ
955 1435 1032 1502 εἶναι
1055 1439 1145 1503 οὐδὲν
1168 1442 1267 1503 αὐτῶν
1292 1443 1383 1504 δανα-

204 1554 256 1617 ιὸν
275 1558 388 1638 παγίως
404 1556 526 1637 νοῆσαι)
548 1560 670 1619 diatum
691 1560 751 1634 est,
772 1558 885 1619 deiude
902 1573 966 1618 non
979 1573 1093 1618 verum
1107 1560 1157 1618 est
1169 1557 1242 1618 illas
1255 1572 1307 1617 res
1318 1572 1382 1617 νον

206 1687 278 1732 6886
299 1669 460 1752 ἀμφότερα,
479 1673 542 1733 alia
554 1674 642 1733 enim
655 1688 754 1746 quam
774 1669 817 1730 τὰ
837 1669 1211 1748 ἐπαμφοτερίζοντα
1232 1650 1402 1750 ἀμφότερα

206 1802 279 1847 esse
304 1783 337 1864 (i.
362 1802 389 1847 6.
414 1794 467 1846 ιον
490 1779 617 1846 stratae
640 1782 690 1844 καί
713 1784 754 1862 μὴ
778 1778 855 1845 εἶναι
878 1782 1004 1863 μετέχειν
1018 1778 1054 1862 2γ)
1076 1786 1219 1845 nondum
1243 1785 1382 1845 medius·
1452 1766 1454 1769 ⁵

153 1903 183 1968 Ι)
208 1900 303 1962 fidius
326 1903 483 1975 exputare
503 1901 602 1975 potui.
627 1891 646 1982 ΙΙ
671 1902 755 1973 Lego
773 1899 941 1959 κυλίνδεται
961 1914 1017 1973 pro
1037 1897 1216 1957 κυλινδεῖται
1236 1898 1269 1958 et
1288 1897 1383 1972 paulo

206 2015 279 2090 post
301 2014 458 2075 eVeneto
478 2009 626 2087 Ereoipe
646 2012 758 2071 V³¹¹¹L
781 2008 1013 2091 ὡμολογήσαμεν
1034 2007 1129 2087 (quod
1150 2011 1249 2071 otiam
1271 2009 1381 2085 Gamp-

207 2128 302 2189 bellio
332 2130 553 2203 reponendum
581 2129 690 2188 visum
721 2126 783 2205 est)
816 2129 984 2203 propterea
1015 2128 1098 2200 quod
1130 2127 1271 2187 aoristus
1295 2142 1379 2201 prae·

207 2241 300 2303 cedit.
324 2242 433 2302 Baiter
457 2244 568 2302 eontra
591 2240 719 2301 mavult
741 2242 924 2301 rescribere·
938 2238 1237 2320 κμοομολογήκαμεν,
1256 2241 1291 2299 at
1310 2241 1382 2300 tum

207 2355 405 2417 Glauconem
429 2390 469 2399 —
493 2354 783 2435 προωμολογήκαμεν
803 2356 891 2416 enim
913 2354 1073 2429 significat
1096 2356 1227 2430 „nostra
1246 2354 1383 2427 pristina

207 2484 233 2530 s.
257 2470 451 2531 antecedens
474 2470 638 2531 sententia
661 2471 732 2529 est’
761 2504 798 2513 -
822 2470 1014 2545 respondere
1038 2470 1224 2543 oportuerat
1246 2487 1383 2545 κμοοιμο-

206 2582 373 2663 λογήναμεν
397 2581 472 2662 (ελον
496 2580 749 2664 ὡμολογήκαμεν).

53 2704 124 2764 480
152 2696 182 2764 Δ
249 2695 319 2755 Vam
343 2699 368 2757 L
391 2694 429 2756 ἅν
450 2692 480 2778 γ’
507 2695 572 2775 ἐμοὶ
595 2702 779 2770 (πενθοῦνται)
801 2712 859 2772 pro
882 2694 917 2756 re
943 2694 976 2776 γέ
998 2718 1048 2773 μοι
1068 2698 1134 2757 fere
1156 2711 1270 2757 omnes
1290 2695 1380 2754 edit.

206 2812 293 2870 recte
316 2812 507 2886 probarunt:
532 2813 603 2872 vide
627 2813 714 2872 dicta
737 2812 777 2871 ad
802 2813 865 2871 352
890 2811 926 2871 D.

240 3067 259 3131 ¹)
277 3071 360 3118 Multo
378 3071 455 3117 etiam
473 3070 558 3116 minus
576 3083 609 3116 ex
625 3082 687 3115 rooe
703 3068 825 3122 ἀδύνατον,
842 3071 873 3115 ut
891 3067 1031 3115 Schneider
1049 3068 1192 3114 somniavit.

239 3145 260 3213 ²)
279 3150 317 3197 Os.
336 3151 416 3196 478D
434 3152 457 3196 εἴ
469 3165 491 3195 τι
508 3151 591 3211 φανείη
608 3143 656 3194 οἷον
673 3149 722 3206 ἅμα
741 3147 767 3193 ὅν
784 3162 808 3193 τι
826 3149 865 3194 καί
881 3147 914 3206 μὴ
932 3147 965 3201 ὅν,
983 3148 1062 3194 477Δ
1079 3150 1100 3194 εἰ
1115 3147 1141 3193 δὲ
1158 3147 1186 3206 δὴ
1204 3151 1250 3193 καλ.
