3417 5175
873 349 934 407 152

313 525 389 600 runt
415 540 495 600 Bkk.
527 540 589 599 Ast
619 540 797 615 Hermann,
824 537 1100 613 61116αὑιοῖς1116
1125 544 1314 617 ambiguum
1339 546 1390 605 est
1415 542 1486 621 (sig-

264 649 290 716 d
310 653 440 716 nificare
465 655 552 715 enim
571 656 679 728 potest
698 656 732 713 et
748 650 907 731 ἀλλήλοις).
922 646 942 739 11
954 656 1038 729 Lege
1060 653 1270 736 ἐμπιμπράναι.
1284 658 1355 719 Ρ61.
1368 651 1410 718 AI
1425 674 1486 720 otu.

312 766 387 844 αὕτη
410 768 484 841 post
504 766 626 843 δυνατή.
645 801 689 808 -
708 768 782 829 Mox
803 769 901 830 verba
921 768 947 828 εἰ
964 766 1078 848 γένοιτο
1099 770 1240 831 insiticia
1252 774 1340 848 puto,
1353 773 1486 833 ridicule

312 882 400 942 enim
423 881 597 941 abundant.
622 880 755 941 Videtur
779 882 812 941 in
836 877 1359 967 611166611116611ᾗγένοιιο611
1380 886 1486 959 aliquo

312 994 468 1055 arbitrato
490 995 619 1068 propter
641 994 740 1054 verba
762 995 795 1054 in
814 995 832 1064 5
851 995 876 1055 Ε
898 995 924 1054 εί
941 992 1054 1075 γένοιτο
1075 992 1093 1074 ι)
1114 996 1244 1058 πολιτεία
1265 998 1341 1076 αὕτη
1365 1000 1487 1060 scribas

245 1088 249 1095 ’
313 1106 339 1167 εἰ
361 1110 394 1168 et
416 1100 436 1183 ἧ
461 1142 501 1151 -
525 1109 562 1167 ut
586 1108 771 1169 sexcenties
794 1107 832 1168 fit
859 1110 1112 1188 -confudisse,
1135 1111 1168 1171 in
1194 1128 1259 1185 mg.
1285 1112 1485 1188 adscriptum

311 1222 413 1282 fuisse
437 1221 464 1281 εί
485 1218 600 1301 γένοιτο
625 1223 659 1282 in
682 1223 768 1282 hunc
792 1223 926 1284 modum

1024 1310 1086 1373 ἐπεὶ
1109 1311 1153 1373 ὅτι
1175 1336 1207 1394 γε

1241 1404 1263 1448 el
1277 1402 1303 1461 γέ
1304 1416 1366 1448 eeeee

577 1460 666 1526 πάντ’
692 1462 729 1525 iiv
752 1465 797 1544 εἴη
821 1463 924 1545 ἀγαθὰ
946 1465 1029 1528 πόλει
1052 1462 1071 1552 ᾖ
1094 1466 1208 1548 γένοιτο

311 1583 344 1643 61
375 1582 488 1642 deinde
519 1581 552 1640 in
582 1596 666 1640 novo
697 1581 878 1655 apographo
908 1580 965 1642 illa
996 1583 1087 1643 varia
1118 1584 1213 1645 lectio
1236 1586 1309 1659 post
1333 1584 1376 1645 ὅτι
1399 1607 1430 1665 με
1454 1587 1488 1646 in

311 1682 441 1757 textum
459 1695 551 1755 illata
563 1710 635 1755 esse
648 1694 687 1754 ab
699 1684 826 1755 indocto
838 1694 976 1756 librario.
990 1694 1083 1756 Unus
1095 1696 1133 1757 de
1146 1697 1275 1759 Stobaei
1287 1700 1376 1761 codd.
1390 1700 1489 1761 verba

312 1803 332 1894 ᾗ
362 1806 486 1889 μένοιιο,
516 1824 598 1882 quae
629 1809 662 1868 in
694 1808 877 1869 Monacensi
905 1826 924 1883 q
955 1811 1084 1883 punctis
1114 1813 1227 1873 notata
1254 1815 1340 1890 sunt,
1365 1814 1487 1890 omisit,

312 1925 397 1998 quod
429 1924 458 1983 si
487 1923 640 1997 probatur
673 1923 779 1984 verbis
810 1923 837 1982 ει’
859 1921 972 2003 γένοιτο
997 1926 1137 1986 servatis
1161 1928 1291 1988 omnino
1314 1929 1488 2003 legendum

310 2038 375 2099 'erit
412 2037 518 2121 <ιῇ>
557 2035 649 2114 πόλει,
690 2038 710 2098 1.
747 2054 774 2099 6.
818 2053 857 2114 „a
890 2039 982 2100 nobis
1024 2040 1171 2101 conditae
1195 2042 1340 2102 civitati’
1352 2062 1359 2117 ;
1385 2043 1490 2104 altera

312 2154 423 2213 autem
464 2152 546 2211 ratio
580 2153 641 2212 hac
676 2152 782 2224 magis
816 2154 988 2229 probanda,
1024 2154 1100 2226 quia
1135 2134 1332 2216 Glauconem
1366 2156 1418 2216 hic
1453 2157 1490 2217 in

310 2266 501 2326 universum
532 2265 679 2326 locutum
710 2281 781 2327 esse
814 2267 896 2326 satis
928 2267 1105 2329 verisimile
1136 2272 1196 2329 est.
1229 2269 1306 2330 Post
1329 2262 1348 2353 ᾖ
1373 2266 1489 2348 μὲιοπο

310 2380 467 2441 Richards
501 2376 615 2457 (class.
651 2380 730 2440 Rev.
769 2376 867 2458 1893)
901 2380 1001 2441 inseri
1032 2381 1102 2441 vult
1132 2378 1266 2461 ὁμολογῶ
1298 2383 1349 2443 vel
1380 2383 1490 2445 simile

311 2495 456 2570 verbum,
477 2493 580 2559 male3
600 2508 676 2553 nam
697 2494 903 2555 haecomnia
922 2495 1016 2567 grata
1028 2496 1153 2557 dicendi
1165 2496 1491 2572 licentiaesequenti

311 2607 341 2688 (5
365 2609 403 2679 1))
426 2602 494 2668 οἶδα
517 2609 666 2684 pendent.
691 2609 873 2670 Stallbaum
897 2610 996 2670 verba
1019 2605 1096 2670 dot
1120 2611 1310 2689 παραλείπεις
1333 2609 1389 2691 ἐμὼ
1412 2609 1488 2692 λέγω

312 2724 495 2786 rectissime
518 2720 550 2782 ἐν
573 2710 751 2803 παραθέσει
774 2722 860 2783 dicta
883 2724 1021 2798 putavit.

166 2840 230 2899 472
259 2834 289 2900 11
355 2837 530 2911 Vulgatam
562 2833 781 2921 σιραιεαομένιμ
813 2833 872 2913 (sic
901 2838 963 2897 Ast
994 2835 1107 2915 Bekk.)
1140 2854 1157 2898 e
1188 2840 1373 2900 recentibus
1397 2841 1489 2902 editt.

128 2965 148 3001 ν
252 2951 393 3016 Bunus
424 2951 534 3012 Stallb.
568 2947 680 3030 (1858)
711 2951 880 3012 defendere
913 2952 1049 3013 conatus
1080 2953 1140 3027 est,
1168 2952 1299 3013 frustra.
1324 2944 1344 3037 ΙΙ
1368 2953 1491 3015 Vereor

312 3068 349 3127 ut
379 3066 477 3127 verba
506 3063 581 3144 πρὸς
610 3062 642 3124 τὸ
674 3066 750 3126 ante
780 3062 820 3142 με)
848 3062 940 3124 εἰπεῖν
963 3066 1103 3139 genuina
1126 3067 1201 3127 sint.
1227 3067 1301 3127 Mox
1324 3063 1486 3148 parumy'

310 3182 385 3255 post
415 3179 444 3238 τί
467 3186 553 3239 τοῦτο
578 3194 692 3239 omnes
719 3179 809 3240 editt.
834 3179 981 3240 recentes
1007 3176 1145 3256 (praeter
1169 3181 1232 3241 Ast
1254 3181 1349 3242 Schn.
1375 3182 1488 3244 816111).

311 3296 359 3355 ed.
392 3291 498 3371 Goth.)
530 3309 572 3354 ex
602 3309 666 3352 uno
696 3277 787 3353 Pare
803 3294 832 3352 A
864 3295 1063 3371 receperunt,
1094 3295 1128 3354 st
1155 3288 1338 3374 Parn1y’
1366 3298 1488 3374 61111611,

310 3408 459 3481 quocirca
478 3407 569 3467 iilam
589 3406 769 3466 litterulam
793 3406 938 3481 spuriam
963 3408 1053 3467 duce.
1078 3407 1184 3468 Etiam
1206 3408 1237 3468 in
1259 3408 1352 3483 Gorg.
1366 3412 1429 3470 497
1451 3411 1487 3485 E,

311 3520 438 3582 Oharm.
474 3521 577 3581 164Α
608 3521 682 3595 post
712 3517 785 3579 11118
814 3519 844 3579 ιί
870 3527 956 3580 τοῦτο
984 3521 1176 3597 particulam
1200 3543 1232 3600 με
1255 3536 1320 3582 non
1343 3524 1487 3584 additam

265 3636 385 3705 cesse
417 3634 598 3694 Stalibaum
629 3634 771 3695 monuit.
799 3625 818 3717 ΙΙ
850 3633 1026 3708 vulgatam
1057 3633 1083 3693 εί
1109 3631 1222 3714 μένοιιο
1246 3651 1389 3710 pugnare
1412 3653 1489 3698 cum

309 3747 467 3823 proximis
499 3749 606 3808 verbis
637 3745 683 3825 (in
713 3749 731 3818 ἓ
761 3749 798 3819 1))
830 3744 892 3807 ἀλλ’
928 3747 971 3809 οὐ
994 3750 1138 3810 τούτου
1163 3747 1277 3810 ἕνεκα
1301 3745 1339 3810 ἵν’
1368 3749 1489 3811 ἀποδεί-

308 3863 405 3940 ξωμεν
424 3859 471 3934 ὡς
496 3860 648 3923 δυνατὰ
669 3871 790 3922 ταῦτα
813 3863 1029 3943 γίγνεσθαι
1049 3865 1174 3926 Bekker
1195 3867 1228 3926 et
1247 3865 1375 3940 Madvig
1390 3866 1489 3940 probe

307 3978 548 4055 intellexerunt,
593 3994 730 4053 quorum
770 3979 824 4038 ille
863 3971 882 4062 ᾖ
917 3994 972 4052 pro
1012 3979 1037 4038 εἰ
1071 3979 1291 4054 (probantibus
1326 3980 1420 4041 Astio
1455 3983 1489 4041 et

308 4093 426 4154 Stallb⁰
450 4095 498 4154 ed.
523 4091 641 4170 (16111),
666 4093 718 4154 hic
742 4094 853 4154 autem
878 4090 977 4170 (prob.
1002 4091 1144 4172 Baitero)
1165 4091 1214 4152 καὶ
1234 4096 1309 4169 post
1328 4093 1353 4153 εἰ
1371 4091 1486 4174 γένοιτο

307 4209 557 4282 expungendum
601 4207 744 4282 censuit;
786 4207 895 4268 neutri
936 4207 1119 4268 rectissime
1161 4209 1268 4282 paruit
1303 4207 1487 4283 dampbell:

302 4321 434 4382 Bektcri
465 4323 553 4383 enim
583 4325 617 4382 ca
648 4337 713 4381 non
745 4323 839 4382 modo
873 4336 910 4382 eo
937 4323 1068 4382 nomine
1092 4322 1240 4398 displicet
1263 4323 1346 4396 quod
1369 4316 1487 4406 posta}

302 4437 463 4511 particula
487 4431 525 4494 dv
551 4437 605 4495 vix
630 4437 743 4496 deesse
766 4437 875 4510 potest
895 4437 928 4496 et
947 4435 1170 4497 membrorum
1190 4437 1371 4514 aequalitas
1391 4437 1487 4514 perit,

303 4550 360 4610 sed
394 4550 588 4625 praesertim
624 4551 709 4622 quod
745 4550 826 4626 eius,
863 4548 918 4622 qui
952 4545 1020 4627 περὶ
1053 4556 1106 4608 τοῦ
1143 4549 1260 4614 δικαίου
1293 4547 1489 4628 εὐδαιμονίας

297 4664 499 4725 iudicaturus
523 4666 583 4741 est,
607 4665 687 4724 nihil
712 4665 850 4725 interest
877 4663 959 4724 scire
984 4665 1144 4755 quomodo
1168 4661 1183 4724 ὁ
1205 4663 1319 4737 δίκαιος
1339 4663 1487 4745 μίμαεμαι,
