3417 5175
878 376 940 436 148

1693 386 1694 463 l

450 518 454 525 ,
1693 466 1694 513 ι

262 559 294 626 Ι)
317 585 351 645 με
376 569 439 629 534
452 570 481 627 A
500 568 586 628 Astii
606 566 823 629 emendationi
847 565 983 626 minime
1007 566 1207 627 adversatur.
1224 558 1244 651 ΙΙ
1257 564 1376 642 Utique
1401 569 1497 629 corri·

315 682 457 755 gendum
480 683 532 741 est
555 678 592 740 od
614 676 696 759 ιιαρδ
724 676 849 757 <τὴν>
878 678 972 755 φύσιν
995 676 1049 756 τὴν
1072 683 1131 739 κτ1.
1156 681 1230 740 Mox
1251 682 1382 756 optimis
1402 684 1495 745 codd.

316 792 366 855 καὶ
396 796 470 869 post
499 793 596 873 ὥσπερ
628 794 854 856 omittentibus
878 808 992 855 omnes
1016 794 1106 855 editt.
1132 796 1270 871 (praeter
1294 796 1418 868 Stellb.)
1442 812 1497 872 pa·

315 909 459 984 ruerunt,
490 909 587 984 recte,
620 921 684 968 non
715 907 803 969 enim
834 921 964 982 semper
993 903 1044 965 καὶ
1076 910 1132 978 (=
1162 908 1272 980 etiam)
1300 909 1334 969 in
1358 912 1497 984 utroque

262 1021 290 1085 R
314 1022 564 1095 comparationis
595 1020 742 1082 membro
773 1021 913 1094 ponitur.
945 1011 965 1104 ΙΙ
997 1020 1141 1083 Proximi
1165 1020 1318 1083 infinitivi
1343 1022 1496 1084 διακονεῖν

312 1133 362 1195 καὶ
385 1133 541 1215 ὑπηρετεῖν
564 1136 604 1196 ab
629 1132 733 1208 ἄξουσι
751 1135 892 1210 pendent
911 1132 1008 1214 (sicut
1030 1138 1104 1210 post
1128 1132 1265 1215 πέμπειν,
1282 1137 1497 1217 παραδιδόναι,

311 1249 504 1326 καταλείπειν,
526 1245 658 1327 ἀφιέναι,
676 1249 750 1310 sim.
771 1250 879 1326 verba,
899 1250 1030 1324 saepius
1043 1248 1224 1312 infinitivus
1237 1248 1336 1313 finem
1349 1252 1494 1330 indicat),

311 1364 421 1437 itaque
444 1364 579 1424 minime
604 1378 685 1436 opus
709 1364 760 1423 est
783 1362 836 1423 vel
860 1360 1064 1423 Hcrwerdcai
1087 1363 1161 1434 (lin.
1190 1364 1284 1435 1883)
1309 1368 1343 1425 ειι
1371 1365 1518 1441 <δεῖ>4

311 1477 460 1537 διακονεῖν
484 1480 558 1551 (qua
582 1479 617 1537 υ1
640 1492 755 1551 parum
780 1475 945 1550 eleganter
964 1476 1146 1539 sententiae
1165 1480 1259 1538 tenor
1277 1478 1493 1557 abrumpitur,

312 1592 427 1667 quippe
458 1591 542 1664 quod
573 1591 720 1650 mutatur
751 1589 935 1651 subiectum
962 1592 996 1651 et
1019 1606 1076 1665 pro
1101 1590 1150 1650 δεῖ
1169 1591 1241 1653 coll.
1266 1593 1495 1671 στρατεύσονται

311 1708 344 1767 et
374 1701 478 1776 ἄξουσι
508 1703 616 1778 potius
648 1701 745 1780 δεήσει
768 1704 995 1781 requireretur,
1020 1720 1095 1765 oum
1118 1706 1198 1766 haec
1222 1706 1333 1767 omnia
1355 1723 1375 1767 a
1398 1706 1494 1785 δῆλον

310 1817 354 1878 δτι
383 1818 553 1894 pendeant)
585 1816 636 1877 vel
667 1817 848 1879 Richardsic'
880 1815 994 1896 (class.
1028 1818 1106 1881 Rev.
1143 1816 1240 1897 1893)
1265 1815 1323 1902 θέα
1352 1819 1494 1889 <dadolo-

309 1941 454 2008 navtur>
489 1932 647 1992 διαπονεῖν.
682 1931 847 1993 Liebholdi
880 1932 996 2003 (rleok.
1024 1933 1094 1993 Jbb.
1123 1933 1218 2004 1888)
1243 1931 1380 1994 camilon
1403 1930 1493 2014 ἁδροὶ

308 2045 359 2107 καὶ
389 2039 448 2107 οἷοι
478 2046 593 2107 deletis
625 2046 733 2107 verbis
764 2040 800 2104 ἵν’
835 2047 869 2107 et
891 2041 924 2105 δὲ
949 2048 1035 2116 (ante
1059 2054 1093 2129 τῇ
1117 2043 1188 2128 θέα)
1212 2047 1332 2109 citasse
1356 2050 1407 2108 est
1429 2049 1490 2109 inr-

176 2167 181 2175 ·
309 2162 474 2234 probasse.

160 2274 223 2335 467
262 2268 286 2337 (1
355 2273 584 2347 Corrigendum
604 2272 741 2332 arbitror
757 2269 825 2342 τοὺς
837 2266 951 2350 ἄνδρας
966 2270 1118 2345 <τσὺς>
1132 2272 1320 2363 πολεμικούς.
1332 2273 1492 2338 Richards

310 2387 422 2458 (class.
446 2387 525 2448 Rev.
549 2388 644 2458 1893)
665 2388 794 2463 propter
812 2374 1005 2461 praegressa
1026 2384 1149 2465 σμικρὸν
1169 2386 1225 2455 οἴει
1238 2386 1390 2468 διαφέρειν
1402 2391 1491 2451 dubi·

308 2502 417 2561 tanter
440 2501 479 2562 ci.
503 2497 577 2558 ἀλλὰ
601 2498 748 2570 <κολδ>
778 2496 817 2577 (ε.
842 2497 1004 2579 <μέφα>1
1034 2497 1178 2580 διαφέρει,
1200 2516 1263 2575 quo
1286 2518 1366 2577 opus
1389 2506 1490 2581 esset,

309 2615 337 2674 si
370 2614 463 2676 Plato
497 2618 570 2689 posi
605 2611 728 2693 σμικρὸν
763 2630 825 2676 non
859 2615 1036 2676 addidisset
1067 2614 1122 2676 oda
1145 2612 1229 2688 ἄξιον
1252 2617 1414 2692 κινδύνους
1436 2619 1490 2679 his

309 2731 421 2789 autem
456 2729 617 2790 adiunctis
653 2729 795 2795 Glaucon
829 2731 1001 2804 respondet
1035 2731 1128 2803 quasi
1165 2731 1315 2792 Socrates
1350 2731 1491 2794 dixisset

309 2838 399 2902 οὐδέν
428 2840 482 2902 οἴει
514 2839 674 2922 διαφέρειν.
707 2843 910 2904 Probandam
942 2859 1018 2904 vero
1041 2844 1112 2902 Vam
1135 2845 1161 2905 L
1186 2841 1338 2924 διαφέρειν
1361 2861 1488 2923 censeo·

309 2955 382 3016 Mox
413 2955 500 3017 idem
529 2953 562 3034 (l.
595 2956 628 3027 l.)
661 2956 699 3018 ci.
730 2959 788 3017 aut
810 2954 1073 3037 προομηχανητέον
1098 2951 1368 3036 εαδ·’<δεήσει>,
1390 2959 1488 3035 male,

309 3086 387 3131 narn
419 3086 460 3131 ex
490 3066 656 3150 ὑπαρκτέον
687 3069 775 3132 nullo
808 3072 937 3145 negotio
960 3070 1009 3130 δεῖ
1027 3073 1067 3132 ad
1091 3076 1364 3151 προσμηχανᾶσθαι
1386 3071 1489 3146 repen

308 3187 425 3259 potest.

254 3290 285 3357 Il
354 3300 403 3361 Ad
436 3297 477 3369 εἰς
511 3292 544 3357 δέ
578 3295 629 3370 τὰς
660 3300 769 3359 mente
801 3299 1016 3374 supplendum
1047 3300 1098 3360 est
1129 3294 1222 3377 δέρειν,
1252 3299 1360 3373 itaque
1392 3298 1486 3360 nobis

192 3433 195 3438 ·
311 3428 375 3472 non
398 3428 479 3486 opus
502 3414 553 3472 est
576 3412 738 3474 Liebholdl
760 3412 877 3483 (Fleok.
901 3412 972 3473 Jbb.
1000 3412 1096 3483 1888)
1117 3413 1302 3472 coniectura
1322 3409 1380 3487 ἔστι
1401 3407 1432 3471 δὲ
1451 3407 1488 3482 δὶς

186 3551 189 3556 ·
311 3524 534 3604 εὐλαβήσονται.
1370 3515 1372 3518 .
1433 3536 1435 3538 ’

258 3634 287 3699 ll
355 3639 510 3699 Roodice
535 3638 656 3699 Monac.
681 3655 701 3713 q
724 3639 850 3699 Beklrer
873 3639 935 3699 Ast
958 3639 1070 3699 Stallb.
1095 3639 1206 3699 Herm.
1234 3637 1365 3724 (lampb.
1389 3639 1486 3709 (recte

310 3752 477 3813 conferens
502 3753 625 3813 Menon.
651 3755 692 3814 93
716 3751 757 3831 D)
780 3753 854 3814 loct.
881 3750 1096 3831 διδαξαμένους
1121 3756 1230 3828 (quam
1253 3753 1321 3812 iam
1341 3752 1380 3812 H.
1401 3751 1492 3812 Wolf

309 3867 511 3943 probaverat,
536 3867 599 3927 vid.
622 3868 824 3942 Philologum
848 3866 945 3945 1855)
966 3869 1148 3929 rectissime
1168 3868 1367 3941 receperunt.
1388 3867 1486 3925 Accu·

312 4096 375 4155 468
407 4096 436 4155 A
467 4103 530 4167 πῶς
560 4091 658 4154 διιτέον
690 4111 736 4154 σοι
766 4094 835 4166 τοὺς
859 4095 1044 4173 στρατιώτας,
1066 4095 1149 4156 rim.
1174 4095 1216 4155 88
1240 4095 1266 4154 Β
1289 4093 1349 4154 ult.
1373 4089 1425 4151 τὸν
1449 4089 1488 4168 δὴ

311 4206 521 4287 μαθηματικὸν
551 4211 612 4286 πελ,
641 4209 715 4269 ibid.
738 4182 791 4268 ⁴89
822 4209 849 4268 D
878 4209 934 4286 in„
959 4209 1104 4284 Xenoph.
1130 4209 1262 4270 Memor.
1287 4211 1318 4285 3,
1345 4209 1383 4266 11
1410 4203 1488 4266 ἰτέον

311 4318 349 4380 διν
379 4321 424 4400 εἴη
455 4319 670 4399 θεασαμένους.
702 4323 906 4398 Optimorum
933 4323 1021 4385 codd.
1052 4324 1126 4383 lect.
1152 4317 1365 4399 διδαξαμένους
1388 4335 1489 4381 sanae

311 4436 427 4496 rationi
446 4438 613 4510 repugnat.
635 4435 819 4497 Schneideri
838 4435 1008 4496 inventum
1022 4431 1269 4512 δεδιδαξομένονς
1281 4449 1366 4494 unus
1378 4434 1489 4494 Baiter

312 4549 475 4622 probavit!

372 4662 477 4720 *arum
508 4661 672 4735 eleganter
702 4665 736 4723 et
765 4663 836 4723 sine
864 4678 962 4725 causa
985 4663 1061 4726 clar.
1086 4664 1244 4726 Richards
1268 4659 1383 4741 (class.
1405 4661 1488 4724 Rev.

310 3981 415 4041 sativo
438 3981 598 4055 participii
623 3976 691 4056 (pro
715 3978 932 4058 διδαξαμένοις)
956 3997 1016 4043 nos
1040 3981 1159 4043 offendi
1181 3997 1246 4042 non
1269 3980 1396 4057 oportet
1414 3978 1486 4040 coll.

1693 4569 1694 4628 l

1693 4675 1694 4720 l
