3417 5175
787 341 847 400 151

82 521 147 579 470
176 514 206 582 Α
274 525 433 585 Recentes
466 526 557 586 editt.
592 542 715 587 necnon
748 524 973 603 scahnnseel
1006 525 1206 605 φοβησόμεθα
1237 528 1405 590 ediderunt

174 631 204 695 B
226 639 380 713 probante
405 639 620 701 Herwerdeno
645 640 707 700 Mn.
732 640 826 701 1883.
851 632 871 722 (Ι
893 640 1048 700 Richards
1069 639 1182 711 (class.
1205 641 1283 701 Rev.
1307 641 1404 720 1893)

226 754 502 826 transponendum
530 754 657 814 censuit
683 754 747 814 sic:
772 751 883 829 στάσις,
906 748 976 811 ὄντα
1001 748 1049 811 ἐπὶ
1073 752 1159 813 δυοῖν
1183 758 1277 812 τινοῖν
1296 749 1317 825 ¹)
1341 756 1405 815 δια-

227 871 348 945 φοραῖν,
377 866 455 926 σάτα
485 864 535 926 ιιαλ
566 859 643 925 εἶναι
673 866 729 926 δύο
754 862 1056 944 (iacentisqua,
1081 882 1141 927 can
1165 868 1241 941 only
1265 868 1349 928 refer
1370 870 1405 930 to

227 996 352 1057 names,
387 983 444 1042 not
478 982 513 1041 to
547 981 679 1056 things),
715 955 811 1056 mele,
843 980 986 1056 primum
1018 981 1093 1053 quia
1124 982 1196 1040 tum
1228 977 1298 1039 ὄντα
1329 981 1405 1043 ferri

226 1095 348 1171 nequit,
372 1095 486 1156 deinde
509 1095 586 1168 quia
605 1095 739 1167 vulgata
759 1094 895 1153 minime
916 1094 1041 1170 insana,
1065 1094 1240 1155 dummodo
1259 1096 1405 1155 vertatur

230 1223 292 1283 „ex
314 1207 438 1268 duobus
458 1208 582 1267 dissidii
602 1208 772 1280 generibus
792 1207 884 1267 orta''
906 1208 976 1267 sive
1000 1208 1059 1283 „ad
1076 1208 1138 1269 duo
1150 1208 1274 1268 dissidii
1286 1224 1405 1283 genera
1438 1251 1440 1255 .

226 1321 441 1395 pertinentia''
473 1320 677 1391 (vocabulum
709 1317 780 1379 ὄντα
812 1320 900 1381 enim
933 1321 973 1381 ad
1000 1328 1103 1398 ταῦτα,
1124 1336 1188 1381 non
1211 1323 1251 1382 ad
1275 1316 1405 1399 ὀνόματα

226 1435 385 1510 pertinet).
410 1436 459 1494 Ad
482 1435 657 1496 dictionem
680 1427 757 1493 εἶναι
779 1431 830 1493 ἐπί
850 1455 908 1494 τινι
928 1435 967 1495 cf.
990 1436 1054 1496 477
1067 1437 1106 1495 Α.
1129 1470 1170 1478 -
1194 1436 1403 1497 Scribendum

226 1545 286 1606 ἀπὸ
317 1546 461 1628 (τρόπον),
491 1565 556 1611 non
586 1545 656 1626 ἄπο,
686 1550 725 1610 cf.
758 1546 818 1609 ἀπὸ
848 1554 963 1627 θυμοῦ,
989 1546 1048 1609 ἀπὸ
1072 1548 1171 1627 δόξης,
1193 1547 1252 1611 ἀπὸ
1275 1550 1405 1629 γνώμης,

176 1657 201 1726 G
224 1656 279 1722 ἀπ’
308 1660 445 1741 ἐλπίδων,
467 1663 540 1726 alia.
565 1654 585 1747 (Ι
609 1664 679 1722 Vam
711 1664 735 1724 L
758 1660 943 1742 μαχομένους
967 1668 1105 1742 πολεμεῖν
1128 1686 1157 1723 σε
1181 1640 1316 1742 φήσομεν
1339 1681 1403 1727 ree·

226 1780 353 1840 tissime
383 1779 532 1854 probavit
562 1779 765 1854 Hirschigius
794 1776 925 1857 (Annot.
951 1780 1021 1840 crit.
1046 1780 1079 1839 in
1103 1779 1228 1841 Platon.
1252 1778 1402 1841 selectae.

225 1894 399 1969 Reprinted
422 1894 505 1954 from
529 1894 715 1955 Postulates
734 1895 797 1954 and
815 1894 908 1955 Data.
930 1893 1029 1955 Lond.
1053 1890 1168 1971 1852);
1190 1893 1312 1953 etenim
1333 1908 1403 1953 voc.

225 2003 410 2086 μαχομένους
440 2008 631 2082 praecedere
660 2007 765 2083 debet,
797 2007 884 2067 sieut
913 2007 997 2067 infra
1021 2004 1091 2065 ὅταν
1114 2027 1141 2065 τι
1163 2013 1279 2065 τοιοῦτο
1304 2006 1403 2083 δρῶσι·

225 2122 262 2181 In
292 2122 310 2191 5
341 2121 399 2183 ult.
430 2122 566 2183 delenda
587 2123 665 2197 puto
690 2122 787 2182 verba
809 2118 860 2179 καλ
883 2120 1048 2192 στασιάζειν
1063 2114 1097 2198 ²),
1122 2136 1185 2181 non
1209 2121 1304 2182 modo
1328 2122 1404 2195 quia

225 2235 312 2295 male
342 2235 516 2311 abundant,
543 2237 600 2296 sed
624 2235 725 2295 etiam
749 2234 825 2308 quia
848 2234 1070 2295 membrorum
1096 2234 1278 2307 aequalitas
1301 2250 1403 2294 unum

226 2351 356 2409 tantum
387 2348 521 2409 verbum
549 2348 684 2421 requirit
707 2350 857 2425 (πολεμεῖν
881 2346 1042 2420 inpriore
1066 2346 1223 2423 membro,
1247 2350 1346 2406 νοσεῖν
1370 2347 1402 2406 in

171 2461 203 2526 l)
225 2463 347 2533 altero).
373 2454 393 2545 Ι(
417 2461 621 2535 Hirschigius
645 2462 742 2532 (1852
765 2461 786 2524 1.
807 2458 842 2538 1.)
864 2460 902 2522 ci.
924 2460 1017 2532 οὕτως
1037 2456 1193 2539 ὀνομάζειν
1211 2476 1268 2534 pro
1281 2457 1401 2537 ονομά-

172 2632 174 2635 .
224 2575 293 2651 ζειν,
322 2576 418 2653 male,
449 2592 526 2636 nam
558 2575 729 2651 respicitur
759 2574 901 2637 Socratis
933 2568 1111 2653 »φήσομεαῗ
1145 2575 1245 2636 Recte
1269 2572 1400 2649 eampo.

227 2690 261 2765 „1
280 2693 408 2766 agree”,
427 2691 542 2766 inquit,
566 2691 618 2766 „to
638 2690 713 2751 hold
731 2690 797 2750 this
817 2690 1009 2766 language’',
1030 2689 1085 2762 qui
1105 2703 1183 2748 mox
1204 2688 1303 2749 verba
1322 2685 1354 2746 ἐν
1367 2696 1401 2770 τῇ

223 2810 282 2862 νῦν
312 2798 534 2886 ὁμολογουμένῃ
569 2801 666 2861 στάσει
696 2805 783 2864 recte
808 2803 856 2863 sic
880 2802 979 2862 vertit
1006 2803 1058 2878 „in
1082 2803 1171 2862 what
1193 2800 1305 2875 people
1328 2816 1401 2861 now

224 2931 319 2989 agree
349 2918 382 2976 in
413 2916 531 2989 calling
561 2917 732 2982 sedition.”
764 2917 848 2989 Lege
876 2913 1081 2993 ἐμπιμπρῶσιν
1106 2915 1139 2974 et
1161 2928 1240 2974 mox
1263 2914 1401 2974 fortasse

225 3030 347 3101 corrige
377 3025 573 3107 άλιτηριῶδες.
603 3028 643 3090 Η.
675 3027 812 3090 Wolflus
842 3029 881 3091 ci.
903 3025 1030 3107 Ιμέτριον
1061 3018 1102 3105 ἦν
1129 3043 1236 3103 prop.
1260 3020 1402 3101 εἷναι,α1

226 3141 359 3215 vulgata
382 3141 568 3201 sanissima.

76 3259 142 3318 471
175 3257 203 3320 Α
272 3255 309 3317 R.
341 3255 470 3316 Forster
501 3251 620 3331 (Fleck.
649 3255 720 3315 Jbb.
756 3254 851 3332 1874,
883 3270 914 3330 p.
944 3255 1008 3316 856
1032 3250 1142 3332 Anm.)
1166 3252 1261 3313 malit
1287 3249 1398 3325 <ὡς>

225 3365 425 3449 σωφρονισταὶ
453 3365 534 3440 ὄντες
558 3368 629 3430 coll.
654 3365 776 3447 (supra)
801 3365 842 3440 ὡς
866 3365 1139 3447 διαλλαγησόμενοι,
1161 3366 1244 3440 quod
1268 3367 1403 3426 minime

224 3485 446 3545 necessarium
470 3485 561 3558 duco,
586 3483 649 3544 etsi
674 3483 831 3558 suspicari
854 3483 931 3543 licet
955 3481 1096 3542 Forsteri
1116 3483 1174 3540 cam
1200 3496 1262 3540 non
1283 3496 1403 3541 novam

225 3613 297 3658 esse
329 3600 362 3657 et
391 3597 584 3670 particulam
611 3593 662 3674 ὡς,
683 3612 765 3671 quae
791 3598 824 3656 in
847 3596 971 3670 aliquot
994 3597 1083 3656 codd.
1107 3597 1183 3656 ante
1208 3593 1244 3654 οὐ
1268 3590 1404 3670 πολέμιοι

225 3711 348 3772 inserta
383 3713 443 3785 est,
479 3726 499 3770 a
533 3711 631 3772 sciolo
662 3726 761 3785 supra
791 3706 872 3782 ὄντες
904 3711 1060 3784 scriptam
1080 3709 1191 3770 fuisse.
1216 3709 1253 3769 In
1277 3708 1354 3768 ParO
1375 3708 1404 3767 A

225 3820 266 3895 ὡς
300 3825 375 3884 ante
410 3821 447 3882 οὐ
481 3823 515 3882 in
550 3838 617 3896 mg.
652 3827 835 3884 exaratum.
870 3822 1035 3897 Gampbell
1070 3824 1243 3896 legendum
1278 3821 1405 3882 censuit

229 3935 350 4012 <παλ>
386 3933 454 4013 (pre
485 3932 537 4013 ὡς)
570 3934 607 3996 οὐ
629 3932 773 4013 πολέμιοι.
799 3969 840 3978 -
865 3936 950 4010 Lege
973 3933 1005 3995 ἒν
1029 3933 1134 4019 ἑκάστῃ
1157 3944 1193 4019 τῇ
1216 3933 1309 4010 πόλει,
1331 3933 1403 3993 arti·

225 4051 318 4112 culus
348 4050 578 4126 haplographia
609 4050 738 4110 excidit.
767 4049 828 4110 Pro
852 4047 953 4121 αὑτοῖς
979 4046 1038 4127 (sic
1061 4050 1156 4111 Schn.
1180 4046 1292 4109 Stallb.
1320 4045 1404 4105 1858

226 4165 309 4225 Bait.
344 4164 486 4240 campo.)
510 4164 627 4241 optimi
650 4165 740 4226 codd.
765 4161 867 4234 αὐτοῖς
891 4164 1055 4239 exhibent,
1080 4163 1164 4235 quod
1188 4161 1275 4222 recte
1299 4175 1404 4220 serva-

263 4484 281 4548 1)
299 4486 392 4534 Melius
409 4485 498 4533 Stallb.
517 4480 605 4548 (leae)
623 4502 695 4532 τινοιν
713 4481 851 4549 (enclitioe)
870 4482 981 4542 scripsit.

262 4561 281 4624 ²)
303 4565 379 4625 Apud
400 4565 601 4612 Demosthenem
624 4565 729 4612 memini
749 4577 791 4610 mo
811 4563 897 4621 legere
918 4561 1013 4608 alicubi
1032 4563 1163 4616 στασιάζειν
1181 4559 1218 4607 nai
1237 4567 1318 4614 νοσιῖν,
1337 4557 1406 4617 quod

228 4658 279 4692 non
295 4644 378 4703 magis
395 4645 566 4706 probandum.
