3417 5175
778 399 824 447 XV

206 576 331 635 tionem
355 575 596 635 academiarum
620 574 763 633 alumnis
786 573 913 633 nullum
937 573 1078 633 fructum
1103 571 1254 646 praebere
1278 582 1383 643 posse.

36 681 182 747 Wohlr.
255 687 405 747 divitatis
435 686 515 746 liber
545 688 593 745 [¹1⁸
618 703 637 745 a
661 686 868 746 Worrnaasro
893 680 913 756 ¹)
938 686 1121 757 recognitus
1145 684 1259 744 multis
1282 682 1385 742 nomi-

209 802 304 860 nibus
334 801 517 874 proximam
542 801 715 860 editionem
739 801 880 873 superat.
904 800 1046 859 Litteras
1068 799 1237 859 addititias
1261 799 1279 853 d
1304 799 1337 857 et
1360 794 1385 874 ξ,

209 929 292 986 quae
324 915 432 973 hiatus
467 914 591 974 vitandi
623 928 722 973 causa
752 914 953 986 adhibentur,
978 928 1019 972 ex
1044 912 1164 972 Helleri
1188 912 1305 972 codicis
1331 913 1385 972 Pa·

208 1028 302 1086 risini
325 1028 353 1087 A
378 1027 548 1086 collatione
571 1026 683 1086 sedulo
708 1026 875 1087 vocabulis
898 1026 1057 1099 apposuit.
1080 1025 1234 1085 Eiusdem
1258 1025 1388 1084 notulas

209 1140 349 1199 ineditas
373 1142 424 1201 hic
447 1141 513 1201 illic
536 1141 664 1201 adiecit.

45 1258 185 1324 Jowett
255 1255 475 1315 Novissimam
499 1255 634 1315 Politiae
659 1255 832 1314 editionem
858 1248 879 1325 ²)
905 1255 1020 1314 lowett
1039 1256 1072 1313 et
1094 1253 1258 1328 Gampbell
1279 1270 1388 1327 procu·

78 1358 152 1423 and
211 1370 333 1428 rerunt.
359 1368 516 1443 Quicum
539 1384 603 1428 nou
627 1370 783 1428 auderent
806 1384 825 1427 a
849 1368 987 1427 Parisini
1011 1369 1038 1426 A
1063 1368 1291 1441 scripturiens
1312 1370 1387 1441 digi-

14 1459 186 1543 *rampe
210 1485 283 1541 tum
319 1483 449 1554 quidem
482 1484 707 1542 transversum
744 1483 903 1557 recedere,
937 1484 1072 1555 argutiis
1104 1482 1155 1542 vel
1187 1484 1389 1554 certissimas

211 1596 425 1655 correctiones
466 1594 547 1653 πάνυ
591 1604 768 1670 σοφιστικῶς
812 1596 954 1655 refutare
989 1597 1093 1655 coacti
1127 1599 1214 1655 sunt.
1251 1597 1390 1656 Debetur

211 1711 323 1769 tamen
355 1708 550 1782 dampbellio
582 1710 728 1769 maxima
758 1710 864 1782 gratia
894 1712 1023 1782 propter
1047 1709 1295 1781 diligentissime
1319 1726 1389 1770 con-

212 1823 331 1882 fectam
364 1822 501 1881 Parisini
532 1823 560 1881 Α
592 1823 797 1882 collationem
831 1821 912 1898 (Vol.
938 1823 978 1882 ΙΙ.
1004 1838 1033 1895 p.
1060 1824 1389 1897 132-145151551-

213 1938 324 1997 doctas
354 1936 476 2007 aliquot
508 1940 604 1995 notas
635 1935 930 2010 explicationesque
961 1936 993 1994 in
1026 1936 1108 1995 Voll.
1139 1937 1297 1995 1151111
1321 1952 1390 1995 con·

214 2051 333 2121 gestas.

715 2223 883 2232 ---

262 2409 437 2481 Postquam
481 2408 615 2468 Politice
658 2410 771 2467 textus
804 2407 1070 2467 constitutionem
1106 2409 1249 2469 nondum
1283 2442 1323 2451 -
1356 2412 1392 2468 ut

217 2522 308 2582 initio
342 2522 408 2581 dixi
434 2555 474 2565 -
506 2523 682 2596 perfectam
718 2537 791 2581 esse
826 2521 902 2598 vidi,
938 2522 1107 2582 consilium
1145 2523 1214 2597 cepi
1249 2523 1389 2582 virorum

216 2638 382 2697 doctorum
408 2636 580 2696 Civitatem
607 2652 704 2709 quam
726 2637 1030 2696 emendatissimam
1051 2637 1202 2698 reddendi
1222 2638 1393 2696 conamina

215 2766 271 2824 pro
304 2750 387 2809 virili
417 2752 508 2824 parte
539 2751 702 2810 adiuvare.
736 2750 817 2825 Quid
848 2765 922 2810 meo
954 2751 1072 2826 libelle,
1105 2751 1138 2811 in
1168 2752 1392 2825 quoqcunque

210 2864 333 2938 priores
362 2864 455 2923 libros
479 2861 631 2939 (reliquos
655 2866 768 2936 postea
791 2879 844 2923 me
868 2866 1050 2923 tracturum
1076 2863 1222 2939 sperans)
1243 2869 1393 2938 perpetuo

215 2977 412 3036 ourrotutr'oue
445 2977 605 3051 illustravi,
643 2977 772 3049 assequi
805 2979 941 3037 conatus
972 2977 1036 3035 sim
1067 2978 1179 3050 paucis
1210 2978 1290 3036 mihi
1315 2977 1391 3037 indi·

217 3091 354 3149 candum
386 3093 446 3150 est.
479 3090 625 3150 Primum
658 3090 838 3164 permultas
862 3091 964 3150 bonas
988 3091 1083 3164 Astii,
1108 3090 1293 3165 Hirschigii,
1318 3091 1391 3149 alio·

217 3219 289 3263 rum
318 3204 529 3279 coniecturas,
553 3219 634 3276 quas
659 3204 776 3263 iniuria
799 3204 997 3263 recentiores
1018 3203 1159 3262 editores
1183 3204 1392 3278 sprevissent,

217 3318 443 3377 commendare
474 3319 631 3390 novisque
664 3318 865 3390 argumentis
888 3315 1018 3376 firmare
1043 3317 1162 3377 studui.
1187 3317 1306 3376 Deinde
1329 3333 1392 3377 non

217 3445 336 3504 paucas
367 3432 620 3501 emendationes,
653 3446 735 3503 quas
765 3432 889 3490 temere
920 3430 1019 3489 iidem
1050 3431 1082 3488 in
1106 3431 1235 3489 textum
1261 3432 1392 3505 recepis-

217 3546 300 3619 sent,
332 3545 472 3604 refutare
503 3543 584 3603 mihi
607 3559 702 3603 curae
727 3544 789 3602 iuit
811 3536 843 3614 ³).
870 3543 952 3602 Tum
977 3557 1075 3615 quam
1100 3543 1348 3615 diligentissime
1370 3537 1393 3614 ⁴)

252 3808 270 3867 ¹)
288 3813 403 3860 Recenaa
419 3814 497 3860 editio
512 3817 551 3861 est
565 3815 591 3860 iu
607 3815 710 3869 „Revue
725 3813 772 3860 dea
786 3812 885 3859 Etudes
901 3825 1027 3872 greeques
1042 3810 1070 3857 n⁰
1089 3809 1129 3873 99,
1144 3809 1267 3870 all-5¹3
1285 3814 1394 3868 „Berlin

217 3892 283 3938 Phil.
301 3893 387 3940 Woeh.
406 3890 496 3950 1894’2
514 3893 609 3949 „class
628 3894 729 3939 11551555
748 3889 837 3938 189111

250 3967 270 4030 ²)
287 3971 401 4018 Recensa
427 3976 467 4019 est
492 3974 518 4018 in
546 3973 627 4027 „Berl
650 3973 716 4018 Phil.
740 3972 873 4019 Wochens.
901 3968 963 4015 1895
988 3983 1012 4029 p.
1032 3967 1147 4021 tol-lt
1171 3971 1203 4017 ab
1221 3972 1249 4018 0.
1268 3962 1395 4031 lipeltio’',

219 4051 306 4105 „Neue
322 4051 415 4097 Philol.
432 4052 588 4098 Bundaohau
606 4049 670 4097 1895
688 4065 713 4110 p.
730 4048 872 4107 tat-aiu
893 4049 1035 4112 ,Acadomy
1052 4046 1115 4094 1895
1132 4063 1156 4109 p.
1168 4048 1308 4106 atu-70⁹2
1319 4050 1394 4105 „Litt

216 4130 350 4177 centralbl.
370 4128 434 4176 1895
455 4145 480 4191 p.
499 4130 597 4181 lut-t
615 4145 630 4177 a
647 4128 818 4179 Wohlrabio”.

248 4205 270 4273 ³)
287 4211 438 4256 Rectissime
462 4211 602 4258 9515555155
625 4206 746 4274 (Speoim.
771 4211 825 4256 orit.
850 4207 915 4259 1867
933 4222 958 4267 p.
978 4203 1020 4270 19)
1046 4209 1088 4264 „si
1112 4207 1292 4267 gravissimum
1314 4207 1397 4254 critici

215 4289 329 4336 officium
353 4293 392 4336 est
414 4305 429 4336 a
455 4290 550 4337 codicia
573 4290 664 4350 optimi
687 4291 727 4337 551
752 4290 870 4336 codicum
891 4289 1045 4349 optimorum
1064 4289 1191 4347 scriptura
1207 4300 1257 4333 non
1274 4286 1395 4333 recedere

218 4369 267 4414 nisi
291 4370 358 4415 15515
381 4382 458 4415 55555
481 4369 554 4415 adest
574 4369 614 4416 551
626 4367 663 4414 'ex
680 4382 730 4415 555
749 4370 874 4415 sermonis
891 4369 931 4415 551
951 4381 964 4414 5
982 4367 1166 4412 sententiarum
1184 4379 1251 4412 nexu
1269 4365 1354 4422 ducta,
1372 4367 1395 4413 ei

217 4460 301 4495 nonna
325 4450 402 4495 etiam
425 4449 473 4494 hoc
489 4448 566 4494 debet
583 4461 659 4494 curae
678 4462 744 4509 esse,
764 4451 794 4494 ut
811 4449 920 4494 aliorum
938 4446 1111 4492 dubitationes
1127 4448 1225 4491 temero
1245 4449 1330 4492 motae
1347 4443 1395 4491 tol-

218 4523 311 4585 lantur,
337 4531 499 4576 coniecturae
526 4542 576 4576 non
598 4531 668 4575 reete
693 4530 852 4586 excogitatae
877 4526 1053 4580 exeluduntur,
1070 4524 1296 4584 interpretationes
1315 4525 1395 4571 falsae

219 4606 404 4654 abicianturi’'.

255 4681 275 4745 ⁴)
293 4686 423 4747 Opnseula
441 4688 539 4748 aliquot
556 4688 683 4746 inspicere
701 4687 763 4733 mihi
781 4700 831 4732 non
849 4686 929 4732 licuit.
