3417 5175
910 344 972 403 124

81 570 86 577 .
206 524 271 583 440
297 519 326 585 Α
395 527 508 588 (taleni
537 528 611 587 lect.
643 522 671 586 δ’
687 517 743 587 οάν
773 544 829 603 pro
853 522 881 585 δ’
897 518 936 587 νά
959 528 1047 589 male
1070 529 1185 588 Actius
1208 529 1338 603 recepit.
1363 529 1533 589 Particula

351 632 407 702 cdv
430 642 518 702 enim
541 642 684 703 declarat
702 659 765 703 non
785 644 881 703 aliter
900 644 1029 704 evenire
1048 644 1203 718 potuisse.
1225 644 1293 705 Duo
1315 645 1405 704 codd.
1418 642 1531 703 exhib.

350 754 488 831 σημαίνει
509 753 560 814 τὸν
583 753 685 831 θυμὸν
711 772 768 831 pro
792 757 924 831 vulgato
942 774 966 816 σ.
986 755 1040 834 τὴν
1060 754 1152 836 ἀργὴν
1174 760 1232 830 (sic
1252 757 1395 819 Galenus
1416 758 1530 831 Steph.

351 869 446 929 Schn.
473 868 585 929 Herm.
610 870 833 940 Stallb.(l858)
865 872 965 932 ceteri
988 872 1078 932 editt.
1105 874 1285 946 recentes);
1310 871 1391 931 mihi
1415 872 1530 930 autem

351 981 446 1041 lectio
476 978 528 1040 τὸν
550 978 653 1056 θυμὸν
677 983 735 1053 (sic
757 982 838 1044 Blrk.
863 984 935 1053 Ast)
959 984 1065 1056 magis
1089 985 1141 1045 hic
1164 985 1278 1044 idonea
1302 998 1374 1044 esse
1401 983 1532 1042 videtur

351 1108 449 1166 quam
479 1091 578 1171 1.τὴν
608 1089 700 1172 ὀργήν
730 1096 900 1169 praecipue
929 1111 1004 1156 cum
1037 1098 1069 1156 et
1102 1112 1158 1171 per
1180 1098 1286 1157 totum
1312 1099 1397 1157 bunc
1420 1096 1531 1155 locum

351 1221 420 1267 voc.
441 1204 539 1284 θυμὸς
559 1209 704 1267 recurrat
723 1209 820 1280 inque
840 1209 1039 1283 praegressis
1059 1211 1133 1280 (439
1154 1210 1190 1280 Il)
1211 1210 1360 1270 Socrates
1378 1210 1531 1283 rogasset

349 1318 474 1396 πότερον
497 1315 513 1379 ὁ
536 1318 665 1396 θυμὸς
687 1320 784 1398 τρίτον
807 1317 845 1379 ἀν
869 1320 914 1398 εἴη
938 1315 1017 1393 εἶδος
1039 1325 1089 1381 κτλ
1114 1324 1147 1383 et
1171 1324 1221 1383 vis
1247 1323 1335 1383 vocis
1354 1319 1455 1399 θυμὸς
1477 1336 1529 1395 ap.

351 1433 519 1494 Platonem
554 1434 654 1494 latius
687 1437 797 1509 pateat
831 1450 930 1507 quam
964 1436 1052 1496 vocis
1083 1432 1164 1515 ἀργά.
1196 1436 1296 1497 Recte
1326 1436 1427 1508 igitur
1450 1435 1529 1495 olim

352 1548 432 1607 Bkk.
456 1547 640 1621 suspicatus
664 1552 715 1608 est
737 1549 1026 1622 interpretamento
1057 1564 1170 1610 vocem
1198 1564 1390 1622 germanam
1418 1548 1530 1621 expul-

352 1674 424 1719 sam
452 1662 485 1720 et
515 1661 816 1734 interpolationibus
846 1663 932 1722 hunc
959 1663 1066 1723 locum
1099 1665 1268 1737 turpatum
1291 1662 1403 1737 luisse,
1428 1676 1530 1735 quam

351 1772 535 1846 opinionem
558 1772 751 1834 confirmant
774 1774 888 1835 Galeni
907 1777 996 1837 codd.
1016 1778 1092 1837 ante
1112 1779 1250 1852 πολεμεῖν
1270 1777 1426 1837 addentes
1447 1779 1531 1853 χαλε-

349 1883 468 1944 παίνειν
498 1885 555 1945 καί.
586 1887 657 1947 Iam
687 1889 763 1947 ante
794 1888 953 1949 Galenum
977 1890 1066 1950 codd.
1091 1889 1236 1949 Platonis
1260 1889 1408 1963 turpibus
1431 1889 1529 1948 inter·

350 2000 564 2073 pretamentis
585 1999 697 2060 inlecti
716 2003 818 2077 erant,
839 2001 887 2061 sic
908 2016 958 2062 ex.
978 2016 1025 2074 gr.
1047 2017 1125 2061 mox
1144 2002 1287 2062 Galenus
1310 2000 1451 2072 πολλάκις
1471 2017 1529 2076 pro

352 2114 500 2190 πολλαχοῦ
519 2112 661 2186 praebet.
676 2114 808 2174 -Ptos
794 2116 926 2188 tpauoa
938 2116 1060 2188 corrige
1073 2116 1120 2175 sis
1131 2111 1171 2186 ὡς
1183 2111 1254 2175 ἀλλο
1269 2112 1326 2187 [δν]
1341 2111 1430 2199 άλλρ,
1442 2116 1530 2176 sicut

351 2226 525 2299 legimus
516 2243 550 2288 ln
570 2227 632 2286 441
655 2223 710 2286 13⁵
707 2230 825 2305 ἀμηρος
845 2227 1006 2305 πεποίηκεν
1025 2225 1057 2287 τὸ
1078 2225 1331 2307 ἀναλογισάμενον
1351 2226 1529 2305 ἐπιπλῆττον

352 2350 391 2423 τῷ
421 2337 579 2420 ἀλογίστως
608 2339 840 2427 dupovpe'vgo‘
823 2366 871 2415 οος
894 2340 1026 2422 ετερον
1057 2340 1179 2428 ἑτέρῳ.
1211 2345 1293 2404 Puto
1321 2344 1530 2405 scribendum

300 2453 330 2518 B
354 2469 426 2515 esse
461 2454 562 2523 <οιί>
598 2452 725 2533 &arduus
724 2478 765 2532 αι,
792 2458 830 2516 ut
859 2458 973 2518 statim
1003 2458 1150 2531 sequitur
1181 2462 1243 2528 ταῖς
1267 2451 1292 2515 ‹l'
1308 2454 1493 2533 ἕ.ττνθυμίαις
1510 2450 1526 2541 ΙΙ
1571 2480 1573 2485 ’

354 2559 426 2628 Par¹
454 2568 483 2629 A
517 2569 590 2630 lect.
626 2566 838 2655 βιαζομένῳὲ
840 2593 857 2629 ν
888 2568 967 2655 αὐτῷ
999 2575 1066 2646 (pro
1097 2566 1187 2654 αὑτῷ)
1219 2570 1300 2632 mihi
1324 2571 1441 2648 placet,
1466 2574 1531 2633 etsi

354 2681 486 2756 vulgata
515 2699 578 2744 non
610 2699 709 2758 prava
740 2687 799 2745 est.
829 2685 1038 2745 Hermannus
1060 2688 1104 2753 (et
1129 2685 1299 2756 Schmelz.)
1324 2681 1531 2765 ἀντιπράττειν

227 2810 229 2814 ·
355 2796 395 2856 ad
428 2796 651 2874 κοινωνήσαντα
683 2799 785 2858 voluit
814 2798 925 2859 referri
957 2799 1051 2872 (quod
1081 2799 1151 2859 iure
1181 2815 1276 2859 nemo
1309 2800 1458 2873 probavit
1490 2817 1531 2861 ne

354 2908 555 2990 ἀντιπράττειν
578 2926 857 2986 supervacaneum
879 2911 981 2983 fleret)
1005 2928 1108 2985 neque
1127 2913 1232 2988 aliter,
1252 2913 1373 2989 opinor,
1396 2913 1531 2975 Nitzsch

353 3027 443 3098 (llus.
475 3027 576 3086 Rben.
597 3026 666 3087 Vol.
691 3026 748 3101 XI,
772 3043 802 3101 p.
827 3027 903 3096 472)
927 3027 1088 3087 coniciens
1111 3024 1151 3103 μὴ
1177 3026 1240 3086 δεῖν
1269 3030 1330 3096 <τι
1353 3026 1527 3104 πράττειν>

351 3139 561 3220 ἀντιπράττειν.
585 3140 663 3199 Mihi
688 3141 819 3213 vulgata
844 3156 881 3200 eo
903 3140 1034 3200 nomine
1059 3139 1207 3214 displicet
1230 3141 1323 3215 quod,
1344 3140 1415 3200 sive
1437 3136 1531 3218 μηδὲν

351 3252 554 3332 ἀντιπράττειν
576 3254 646 3314 sive
666 3249 705 3328 μὴ
727 3252 788 3312 δεῖν
808 3250 835 3310 ἀ.
855 3253 982 3329 legitur,
1004 3253 1037 3312 in
1057 3253 1269 3328 (proverbiali)
1292 3253 1433 3315 dictione
1444 3252 1530 3332 λόγος
1596 3245 1598 3248 ¹

352 3369 432 3446 αῖρεῖ
447 3367 690 3429 substantivum
709 3365 794 3444 λόγος
814 3381 878 3426 non
898 3367 980 3426 solet
1008 3370 1304 3443 προσωποποιεῖσάαι
1320 3366 1352 3436 (1.
1367 3383 1396 3428 e.
1415 3369 1530 3441 imper·

351 3481 505 3543 sonaliter
527 3479 584 3539 illa
607 3480 703 3539 dictio
728 3481 922 3555 usurpatur),
948 3480 1035 3553 quod
1058 3481 1170 3540 tamen
1193 3480 1246 3539 hic
1267 3478 1337 3539 fleri
1359 3479 1532 3552 oporteret,

350 3596 379 3654 si
410 3591 612 3672 ἀντιπράττειν
646 3596 700 3662 (sc.
733 3589 837 3674 ἑαυτῷ)
872 3595 1048 3666 genuinum
1080 3597 1178 3654 esset.
1205 3594 1297 3654 Hanc
1321 3594 1364 3654 ob
1386 3607 1532 3667 causam,

352 3708 483 3769 etiamsi
516 3713 570 3764 τοῦ
604 3707 680 3766 ante
714 3704 804 3782 λόγου
833 3706 996 3783 inseritur,
1030 3704 1233 3786 ἀντιπράττειν
1265 3696 1439 3768 delendum
1470 3707 1533 3764 est.

354 3820 504 3895 Suspicor
536 3835 649 3879 vocem
680 3819 822 3878 additam
854 3835 928 3880 esse
958 3837 978 3880 a
1009 3822 1173 3882 nesciente
1204 3822 1245 3882 ad
1270 3818 1310 3897 μὴ
1334 3819 1398 3878 δεῖν
1422 3821 1534 3879 mente

303 3934 328 4003 G
350 3938 505 3996 κοινωνεῖν
529 3933 744 4007 supplendum
766 3948 848 3995 esse.
874 3925 894 4017 ΙΙ
918 3933 1094 4008 Vulgatam
1114 3939 1223 4008 (quam
1245 3934 1357 3994 Herm.
1371 3933 1532 3994 Schmelz.

354 4050 538 4117 servarunt)
568 4044 618 4105 καλ
649 4044 753 4105 διὰτὸ
777 4056 884 4125 πεινῆν
907 4046 957 4107 καὶ
981 4045 1030 4106 διὰ
1054 4047 1086 4108 τὸ
1110 4047 1201 4128 ῥιγῶν
1227 4049 1283 4119 (sic
1307 4047 1533 4120 corrigendum

353 4167 405 4227 est
427 4179 454 4224 c.
480 4163 695 4223 Herwerdeno
720 4161 782 4221 Mn.
806 4162 901 4240 1883)
924 4208 1009 4221 .....
1024 4160 1183 4240 ὑπομένον
1204 4159 1254 4220 καὶ
1274 4172 1343 4243 νικᾷ
1362 4164 1412 4219 κτλ
1425 4161 1535 4220 labem

353 4278 556 4341 contraxisse
591 4278 676 4338 inter
710 4292 824 4337 omnes
854 4280 992 4338 constat.
1024 4278 1095 4336 vam
1128 4279 1153 4338 L
1185 4275 1234 4337 διά
1264 4284 1332 4336 τοῦ
1355 4296 1385 4334 π.
1410 4272 1460 4334 καὶ
1484 4271 1536 4333 διὰ

353 4399 420 4451 τοῦ
464 4389 554 4471 ῥιγῶν
594 4391 769 4466 probarunt
803 4393 891 4451 recte
929 4393 980 4462 (ad
1014 4393 1113 4464 genit.
1149 4392 1188 4453 cl.
1224 4391 1288 4450 442
1326 4387 1359 4465 0,
1395 4389 1461 4450 494
1497 4387 1536 4456 D)

355 4501 580 4580 stallbllsaal
605 4503 758 4564 Liebhold
793 4503 910 4573 (Fleck.
935 4505 1004 4566 Jbb.
1032 4506 1128 4574 18881
1154 4504 1319 4578 Oampbell
1342 4507 1418 4573 (non
1441 4501 1537 4576 plura

355 4617 510 4688 molitus).
540 4618 653 4677 Astius
676 4615 726 4675 διά
748 4614 781 4674 τὸ
804 4636 834 4674 π.
860 4631 995 4676 servans
1019 4619 1057 4678 ci.
1081 4615 1132 4677 καλ
1154 4614 1296 4694 ὑπομένει
1320 4615 1535 4688 (zsuscipit)
