3417 5175
762 366 824 426 185

206 552 349 626 primum
379 551 430 611 bis
460 551 547 611 idem
575 550 700 611 dicatur
723 546 753 629 (ἢ
775 548 808 609 τὸ
830 548 925 609 κακὸν
948 552 982 611 θλ
1003 546 1023 627 λ)
1046 548 1101 626 τὴν
1124 558 1176 609 τοῦ
1199 547 1333 631 ἄφρονός
1355 575 1384 613 τε

206 661 258 722 noi
279 667 396 742 ιιαιιου),
420 665 533 725 deinde
556 665 653 726 multi
675 665 853 740 optimique
879 666 967 726 codd.
992 681 1019 727 c.
1041 665 1179 726 Stobaeo
1198 668 1271 740 post
1290 677 1385 728 ιιαιιού

206 778 327 838 addant
357 778 454 852 (prob.
486 778 569 839 Bait.
602 780 636 839 et
668 778 815 853 dampb0i
839 775 1005 837 unicolori
1029 768 1069 837 αὖ
1090 770 1180 849 ¹[ante
1204 779 1384 857 σπουδάζει),

206 892 343 965 denique
375 892 472 952 verba
500 888 539 962 ὡς
562 890 678 971 γελοίου
702 892 835 953 ridicule
858 892 1065 953 adhaereant.
1090 891 1309 971 Hermannus,
1333 897 1385 957 cui

206 1006 310 1079 primo
352 1005 442 1065 fraus
476 1004 629 1081 suboluit,
663 1005 743 1078 legit
779 1002 807 1077 [ιλ
842 1008 1048 1085 γελωτοποιεῖν
1061 1051 1148 1064 .....
1183 1015 1288 1085 παιιού,
1321 1006 1382 1081 παλ]

207 1121 301 1178 καλοῦ
324 1109 364 1177 οὗ
389 1117 549 1190 σπουδάζει
571 1116 646 1197 πρὸς
668 1121 728 1194 κτλ,
751 1118 848 1195 ωολε,
869 1134 947 1179 nam
971 1133 1035 1179 non
1058 1120 1155 1180 modo
1181 1120 1277 1181 verba
1301 1137 1384 1195 quae

207 1233 312 1308 eiecit,
340 1231 475 1291 minime
498 1231 780 1305 interpolationem
802 1232 957 1306 redolent,
981 1231 1038 1292 sed
1062 1232 1164 1292 etiam
1187 1233 1266 1293 illud
1290 1236 1384 1293 καλοῦ

207 1361 339 1421 prorsus
373 1345 544 1407 ridiculum
560 1340 592 1422 1),
628 1345 703 1419 quia
735 1343 767 1404 τὸ
799 1343 892 1404 καλὸν
922 1360 1055 1420 prorsus
1083 1345 1170 1406 idem
1202 1348 1253 1407 est
1284 1362 1321 1407 ac
1352 1344 1384 1406 τὸ

191 1443 328 1539 ύιγαθόν
358 1475 416 1520 neo
439 1459 531 1520 Plato
553 1472 699 1533 unquam
722 1459 861 1519 scribere
885 1458 991 1533 potuit
1015 1457 1175 1529 σπουδάζει
1197 1456 1272 1537 πρὸς
1295 1456 1384 1519 ύλλου

205 1571 272 1632 τινὰ
294 1573 407 1633 σκοπὸν
430 1578 503 1645 (τοῦ)
523 1578 617 1633 καλοῦ
637 1570 656 1653 ἢ
676 1572 728 1634 τὸν
747 1582 801 1634 τοῦ
822 1571 943 1653 ἀγαθοῦ
964 1571 1085 1633 σκοπόν.
1098 1573 1203 1634 Verba
1222 1571 1272 1632 καλ
1291 1577 1384 1633 ιιαλοῦ

165 1698 167 1701 ·
205 1704 223 1747 e
258 1702 445 1761 praegresso
475 1683 526 1745 καλ
554 1695 649 1747 κακοῦ
681 1688 898 1761 dittographia
929 1688 1008 1746 nata
1040 1701 1113 1747 esse
1144 1688 1178 1747 et
1208 1686 1322 1747 deinde
1345 1662 1405 1745 αύ

207 1801 514 1862 accommodationis
539 1802 645 1876 gratia
666 1802 830 1861 intrusum
853 1801 1133 1861 acorrectoribus
1157 1801 1245 1861 recte
1271 1800 1383 1862 Stallb.

209 1918 318 1987 (1829)
349 1916 534 1989 suspicatus
563 1918 623 1977 est.
655 1916 773 1976 'lotum
804 1915 913 1975 locum
940 1916 1017 1973 recte
1039 1914 1129 1974 aolus
1153 1913 1291 1974 Oobetus
1314 1929 1384 1975 con·

208 2030 317 2090 stituit
340 2028 403 2089 sid:
430 2023 474 2100 [ὃς
493 2032 609 2109 γελοῖον
621 2073 627 2087 .
641 2074 646 2087 .
660 2075 667 2087 .
680 2074 686 2087 .
699 2026 760 2101 acl]
782 2024 798 2088 ὁ
817 2031 1023 2108 γελωτοποιεῖν
1036 2072 1107 2086 .....
1130 2024 1180 2099 [ὡς
1191 2025 1319 2107 γελοίου]
1331 2072 1337 2085 .

209 2136 264 2221 ἢ)
298 2140 475 2213 σπουδάζειν
510 2142 558 2213 (V.
590 2143 636 2218 λι,
668 2142 789 2217 steph.)
821 2139 907 2220 [πρὸς
922 2134 955 2212 θ)]
967 2186 1039 2199 .....
1059 2138 1384 2218 <ποο>σεησοίμενος

209 2259 266 2314 τιτλ.
301 2256 524 2316 Annotaverat
558 2255 676 2329 aliquis
705 2256 738 2314 in
769 2270 835 2329 mg.
866 2254 979 2330 paucis
1010 2254 1155 2314 Platonis
1187 2253 1384 2314 sententiam

208 2369 481 2443 comprehendens
517 2366 639 2445 μάταιος
672 2362 706 2439 ‘lg
736 2371 850 2448 γελοῖον
882 2364 952 2426 ἄλλο
970 2389 1010 2439 ,τι
1041 2361 1153 2447 ἡγεῖται
1183 2363 1203 2445 ἢ
1226 2364 1259 2426 τὸ
1282 2365 1385 2447 κακόν,

207 2498 290 2555 quae
323 2482 563 2543 animadversio
592 2496 612 2542 a
641 2482 772 2542 librario
801 2480 917 2541 stolide
948 2480 983 2539 in
1018 2482 1148 2540 textum
1171 2480 1301 2540 invecta
1323 2482 1383 2541 est.

208 2599 313 2659 Verba
335 2595 374 2669 ὡς
396 2597 513 2678 γελοίου
536 2611 600 2659 non
623 2598 718 2658 modo
737 2597 866 2672 frigent,
887 2598 944 2657 sed
966 2594 1092 2656 nullam
1112 2594 1385 2656 constructionem

209 2711 339 2772 habent.
370 2711 449 2771 Post
479 2708 591 2770 σκοπὸν
621 2711 716 2771 facile
746 2729 818 2788 προ-
849 2709 939 2770 vocis
970 2707 1210 2787 προστησάμενος
1239 2707 1386 2768 excidere

210 2826 355 2900 potuisse
389 2825 554 2886 neminem
588 2824 700 2898 fugiet.
732 2823 948 2884 Herwerdeno
980 2821 1054 2892 (Mn.
1091 2821 1186 2891 1883)
1218 2820 1387 2880 conicienti
1461 2855 1463 2860 -

212 2935 240 3010 [ὁ
271 2955 297 3000 ο.
329 2939 434 3010 Astio]
465 2940 522 3018 γελ.
554 2939 586 2998 ολ
613 2933 774 3014 ἀποβλέπει
798 2934 952 2996 assentiri
975 2948 1111 3009 nequeo,
1135 2933 1211 3006 quia
1234 2934 1332 2993 verba
1354 2927 1387 3003 ὃς

159 3048 188 3112 'll
210 3056 326 3132 γελοῖον
348 3056 398 3111 ιιτλ
422 3052 552 3113 omnino
575 3050 742 3111 abicienda
764 3051 852 3124 puto.
878 3038 898 3131 Ι)
918 3047 1027 3107 Etiam
1049 3045 1188 3107 Cobetus
1207 3045 1279 3115 (Mn.
1303 3045 1387 3105 1875

211 3185 241 3244 p.
266 3171 341 3239 361)
366 3168 559 3242 scripturam
580 3163 788 3242 φιλοπαίσμων
808 3164 966 3238 probavit.
988 3163 1140 3223 Praestat
1159 3160 1316 3236 corrigere
1335 3158 1389 3218 εἴτε

214 3280 339 3356 <τις>
363 3278 589 3357 σπουδαστικύς,
608 3279 684 3352 quia
704 3278 789 3339 inter
808 3293 844 3338 se
862 3277 1024 3338 contraria
1036 3276 1248 3350 opponuntur.
1262 3274 1390 3349 Optime

212 3397 351 3458 (lobetus
378 3410 458 3456 corr.
483 3390 597 3469 δυνοτο)
624 3387 727 3469 <η>
754 3391 845 3467 φύσις
871 3385 900 3468 [ἡ
927 3387 1118 3468 ἀνθρωπίνη]
1142 3383 1160 3466 ἡ
1186 3386 1304 3465 θήλεια,
1327 3402 1392 3447 non

212 3512 308 3572 modo
338 3511 378 3571 ob
406 3509 658 3583 grammaticam
682 3512 773 3582 (opus
798 3507 887 3568 enim
911 3507 982 3566 erat
1004 3500 1023 3582 ἡ
1048 3501 1118 3563 ἀνθ.
1144 3503 1234 3580 φύσις
1256 3498 1275 3580 η
1299 3500 1390 3579 cdii,

211 3627 269 3686 sed
303 3624 497 3699 praesertim
529 3623 605 3696 quia
634 3622 734 3682 verba
764 3616 832 3699 περὶ
863 3618 962 3680 αὐτῶν
983 3619 1014 3689 (i.
1039 3634 1067 3679 e.
1091 3614 1158 3696 περὶ
1181 3623 1232 3694 της
1255 3614 1392 3692 τοιαύτης

211 3739 374 3816 μεταβολῆς
398 3738 431 3798 in
451 3738 477 3796 B
497 3736 567 3807 ult.)
589 3735 714 3795 nullam
735 3734 971 3795 dubitationem
992 3732 1193 3793 auditoribus
1212 3730 1392 3802 relinquere

212 3852 362 3941 poterant
395 3851 473 3925 quin
503 3850 542 3910 de
575 3848 775 3923 mulieribus,
807 3863 871 3908 non
904 3863 955 3908 ex.
988 3862 1034 3920 gr.
1071 3848 1109 3907 de
1137 3845 1238 3906 subus
1262 3841 1394 3903 feminis

212 3981 320 4026 sermo
345 3967 443 4028 esset.

247 4259 265 4320 ¹)
281 4263 418 4308 Praeterea
433 4266 476 4307 σοῦ
493 4265 565 4307 καλοῦ
582 4260 757 4319 requireretur
773 4253 889 4319 (attende
907 4257 976 4303 enim
994 4255 1027 4302 ad
1044 4261 1098 4301 τοῦ
1115 4250 1230 4317 ἀγαθοῦ).

245 4337 266 4398 ³)
282 4341 351 4386 Illud
376 4340 388 4400 λ)
411 4354 426 4386 a
446 4340 519 4386 codd.
537 4341 619 4396 abest,
636 4339 682 4386 sed
700 4339 725 4384 in
744 4337 864 4384 omnibus
880 4339 974 4384 veterr.
992 4336 1064 4382 editt.
1083 4337 1222 4393 comparet.
1239 4333 1349 4378 amne
1366 4331 1393 4375 et

213 4421 364 4467 Sonunrnnn
385 4419 452 4465 idem
477 4418 607 4478 exhibent,
631 4417 700 4478 quod
724 4416 815 4463 Stallb.
839 4409 927 4478 (1850)
951 4414 1038 4460 edidit.
1067 4415 1160 4460 Asrrus
1187 4407 1273 4476 (1814)
1298 4410 1329 4456 ci.
1353 4411 1392 4456 καλ

213 4505 372 4559 γελωτοποιεῖν
395 4502 578 4561 λπιχειρεῖ......
603 4496 616 4556 ἢ
638 4498 691 4561 περὶ
711 4500 783 4542 καλοῦ
799 4490 830 4540 αὖ
847 4493 985 4547 σπουδάζεις
1002 4494 1093 4552 postea
1111 4487 1198 4556 (iaia)
1219 4492 1304 4537 autem
1323 4488 1392 4535 idam

214 4579 307 4627 deletio
325 4579 409 4627 verbis
426 4580 479 4640 περὶ
496 4582 568 4624 καλου
585 4573 621 4624 αὖ,

246 4654 268 4720 ⁸)
287 4657 352 4723 Πρὸς
369 4655 457 4705 delent
474 4658 551 4704 etiam
568 4656 605 4705 W.
622 4656 655 4703 ii
673 4655 830 4714 'rhompson
847 4651 959 4710 Madvig,
978 4648 1172 4698 Herwerdenus.
