3417 5175
915 375 956 440 ts

348 570 512 633 nonnullis
542 570 632 632 editt.
662 570 772 631 minus
803 570 956 631 idoneum
985 570 1094 629 visum
1118 571 1179 645 est,
1203 571 1287 643 quod
1309 571 1434 633 iactum
1456 586 1522 634 non

350 687 447 762 esset,
478 685 507 745 si
538 684 766 744 meminissent
796 682 859 744 loci
889 682 1112 743 memorabilis
1139 682 1172 741 in
1195 683 1339 746 Phaedro
1364 687 1427 745 251
1448 688 1477 746 A
1506 683 1522 746 δ

351 794 384 857 δὲ
416 795 565 877 ἀρχιτελής
574 844 662 857 ......
694 797 765 858 όταν
794 793 927 869 θεοειδὲς
961 794 1123 875 πρόσωπον
1153 796 1203 880 ἴδῃ
1213 842 1285 856 .....
1319 807 1437 877 πρῶτον
1466 796 1522 877 μὲν

348 911 527 999 ἔφριξε..,..
559 910 660 971 ἰδόντα
692 907 725 971 δὲ
754 908 857 987 αὐτὸν,
887 902 952 970 οἷον
976 907 1007 969 ἐκ
1031 918 1083 988 τῆς
1106 910 1226 990 φρίκης,
1250 911 1395 991 μεταβολή
1419 911 1522 973 τεκαὶ

347 1026 436 1108 ἱδρὼς
466 1025 517 1088 καὶ
546 1026 694 1105 θερμότης
723 1025 875 1105 λαμβάνει.
902 1022 1127 1105 θερμανθέντος
1151 1022 1184 1085 δὲ
1206 1023 1294 1104 ἐτάκη
1319 1025 1355 1086 τὰ
1377 1024 1444 1107 ιτερλ
1465 1026 1521 1106 τὴν

346 1141 473 1219 ἔκφυσιν
503 1144 561 1200 uti.
586 1141 724 1201 Horrore
747 1140 802 1200 illo
827 1156 922 1201 mens
946 1141 1152 1215 perturbatur
1176 1142 1210 1201 et
1234 1143 1373 1219 aestuat,
1398 1157 1461 1215 quo
1484 1141 1521 1203 nt

347 1260 385 1317 ut
417 1256 519 1317 animi
553 1255 649 1316 robur
679 1256 765 1315 sicut
795 1254 918 1315 ferrum
954 1255 1179 1316 candefactum
1211 1256 1386 1317 molliatur.
1422 1256 1521 1317 Recte

350 1370 479 1444 damph.
512 1369 611 1430 vertit
645 1372 710 1443 „too
738 1368 845 1430 hosted
872 1368 894 1429 i.
919 1385 947 1429 e.
978 1384 1129 1445 nervnus,
1161 1369 1331 1446 excitabis,
1363 1372 1421 1431 not
1452 1372 1520 1431 cool

349 1485 507 1556 enough.''
539 1483 625 1543 Astii
655 1477 688 1543 α’
710 1478 892 1560 ἀθυμότεροι
915 1482 1025 1557 inepta
1048 1484 1109 1559 est,
1136 1497 1237 1556 quum
1260 1479 1379 1560 ἀθυμία
1403 1484 1521 1543 vitium

349 1598 402 1673 sit,
433 1611 497 1657 non
521 1611 597 1656 vero
628 1596 716 1656 iusta
739 1612 777 1657 ac
799 1597 981 1670 temperata
1006 1595 1135 1674 paleato
1158 1597 1251 1666 (dixit
1274 1597 1362 1657 enim
1386 1597 1521 1673 μαλακώ-

349 1731 427 1789 τεροι
456 1717 522 1769 τοῦ
554 1706 594 1768 δέ
602 1712 737 1781 οντος).
769 1709 843 1770 Mox
874 1710 996 1783 corrige
1028 1706 1078 1768 καλ
1109 1706 1209 1787 ὀρθῶς
1239 1703 1277 1789 μ’,
1308 1708 1367 1788 ἔφη
1397 1710 1521 1789 [φοβού-

299 1820 326 1886 E
350 1826 451 1900 μεθα].
476 1814 495 1906 ΙΙ
518 1822 568 1882 Ex
591 1820 694 1899 ἥκιστα
720 1819 819 1881 δεινὸν
844 1838 900 1897 per
927 1838 1066 1897 zeugma
1089 1821 1165 1894 εἰκὸς
1189 1824 1229 1883 ad
1253 1818 1417 1902 ὀδύρεσθαι
1440 1825 1519 1898 cogi·

348 1938 484 1998 tandum
519 1939 581 2012 est,
616 1938 700 2010 quod
733 1934 803 1996 lieri
832 1938 941 2010 potest
975 1952 1050 1997 cum
1089 1934 1192 2014 ἥκιστα
1224 1934 1323 1996 δεινὸν
1357 1938 1443 1999 idem
1477 1939 1522 1997 sit

348 2053 446 2123 atque
477 2048 581 2126 ἥκιστα
608 2048 685 2120 sicle
708 2047 799 2108 αὐτὸν
823 2047 963 2125 δεδιέναι,
985 2050 1096 2123 itaque
1120 2064 1184 2110 non
1208 2050 1362 2124 recipiam
1386 2064 1520 2125 pravam

349 2171 437 2237 (nam
471 2181 512 2226 ex
546 2164 714 2225 Adimanti
748 2178 903 2239 responso
932 2163 1010 2224 πολύ
1040 2184 1073 2243 με
1103 2164 1123 2225 i.
1155 2179 1182 2225 e.
1214 2164 1290 2223 πολύ
1318 2184 1350 2243 γε
1381 2162 1458 2236 εἰκὸς
1480 2162 1520 2242 μὴ

350 2275 513 2357 ὀδύρεσθαι
535 2280 625 2353 patet
648 2276 795 2338 Stallbum
817 2277 938 2338 falsum
960 2283 1043 2348 esse)
1063 2263 1175 2339 Stallbi
1194 2276 1254 2338 clm
1273 2273 1420 2355 ὀδύρεται,
1440 2274 1521 2357 φέρει

350 2390 384 2451 δὲ
410 2396 460 2451 κτλ
490 2408 550 2452 nec
579 2376 746 2452 Richardsi
776 2390 889 2462 (class.
922 2391 1001 2452 Rev.
1036 2393 1131 2462 1883)
1159 2388 1323 2470 ὀδύρεσθαι
1350 2391 1521 2467 <ἔοιτε>.

349 2505 465 2565 Incidit
495 2504 576 2564 mibi
607 2504 687 2564 olim
717 2504 859 2579 suspicio
889 2506 965 2564 ante
995 2501 1045 2563 καὶ
1076 2505 1236 2566 excidisse
1267 2505 1321 2582 δεῖ,
1350 2508 1434 2580 quod
1457 2522 1522 2567 non

349 2625 420 2686 tam
438 2619 648 2694 improbabile
666 2621 718 2680 est
740 2621 903 2694 reputanti
923 2635 1020 2695 saepe
1043 2623 1119 2682 ante
1142 2618 1193 2680 καὶ
1216 2637 1284 2682 voc.
1309 2618 1358 2697 δὴ,
1382 2636 1522 2695 quocum

349 2735 532 2795 sexcenties
561 2733 683 2794 librarii
714 2733 762 2792 δεῖ
787 2734 997 2811 confundunt,
1022 2736 1193 2796 excidisse.
1218 2735 1332 2796 Confer
1355 2737 1389 2795 in
1414 2736 1476 2796 388
1497 2736 1521 2794 ii

350 2848 399 2907 δεῖ
413 2852 469 2918 (80.
490 2843 640 2925 ὀδυρμοὺς
658 2845 751 2928 ᾅδειν)
772 2843 805 2906 δέ
823 2868 856 2926 με
876 2843 939 2925 οόχ,
961 2843 1002 2918 ὡς
1022 2844 1088 2926 όλρτι
1109 2843 1182 2925 ἡμῖν
1205 2844 1221 2907 δ
1245 2846 1330 2927 λόγος
1355 2845 1526 2930 ἐσήμαινεν..

204 2968 267 3029 388
295 2963 326 3030 A
393 2962 491 3022 Recte
512 2960 623 3020 Herm.
643 2960 777 3021 Homeri
800 2961 900 3020 verba
923 2958 1081 3037 (exeeptis
1104 2957 1167 3021 τοτὲ
1190 2955 1318 3040 δ’ὀρθάν
1342 2957 1521 3039 ἀναστάντα)

348 3078 381 3137 in
402 3090 556 3135 versuum
576 3074 717 3134 formam
736 3074 869 3147 redegit.
890 3074 982 3135 Plato
1002 3089 1099 3149 saepe
1119 3077 1288 3150 poetarum
1304 3075 1523 3136 verbamutat

349 3189 656 3250 accommodationis
683 3188 799 3263 gratie,
832 3188 895 3248 vid.
927 3188 1013 3249 dicta
1037 3188 1076 3248 ad
1103 3190 1165 3250 368
1178 3189 1214 3248 Β.
1239 3189 1373 3249 Videtur
1396 3190 1523 3263 praeter

349 3296 507 3378 δινεύεσκ’,
525 3303 564 3361 ut
582 3316 666 3362 nune
687 3301 820 3361 Homen‘
840 3301 929 3362 codd.
949 3302 1093 3377 tradunt,
1113 3302 1294 3376 antiquitus
1313 3302 1418 3362 alters
1428 3302 1523 3363 lectio

349 3416 451 3476 fuisse
474 3408 631 3486 πλωΐζεσιι’
656 3411 758 3474 ἀλύων
781 3412 829 3474 ἐπὶ
848 3409 914 3476 θῖν’
937 3419 997 3490 κτλ,
1016 3417 1052 3476 ut
1072 3416 1175 3476 3641)
1196 3412 1293 3494 λιστοὶ,
1307 3430 1363 3491 pro
1383 3413 1524 3495 στρεπτοί,

351 3528 454 3588 424Β
485 3522 693 3607 ἐπιφρονὲοοσ’
720 3544 776 3603 pro
806 3523 996 3605 tainielovc',
1020 3529 1130 3591 3191)
1154 3537 1254 3607 κηρῶν
1278 3526 1409 3605 ἔμπλειοι
1432 3523 1449 3587 δ
1470 3523 1523 3605 μὲν

351 3637 477 3717 ἐσθλῶν,
506 3638 600 3719 αὐτὰρ
630 3635 647 3699 ὃ
676 3640 782 3701 δειλῶν
811 3657 868 3716 pro
900 3641 1005 3721 δώρων
1036 3634 1084 3701 ολα
1111 3640 1226 3718 δίδωσι,
1244 3650 1354 3718 κακῶν,
1375 3637 1469 3720 ἔτερος
1492 3637 1524 3699 δέ

350 3747 375 3812 τ’
408 3751 502 3825 idom
532 3755 743 3827 quamobrem
773 3749 928 3826 πλωΐζοντ’
963 3756 1176 3816 sollicitatum
1207 3771 1271 3816 non
1298 3756 1524 3829 oportuerata

254 3848 256 3851 ⁵
351 3868 431 3928 viris
461 3867 512 3927 dd.
540 3867 613 3927 aliis
635 3869 700 3928 alia
723 3869 999 3942 excogitantibus:
1024 3869 1177 3929 Liebhold
1200 3866 1320 3945 (Fleck.
1343 3869 1413 3930 Jbb.
1440 3868 1522 3928 1888

351 3982 401 4042 bd.
448 3979 523 4057 137)
565 3981 603 4041 ci.
646 3973 711 4059 πρῲ
750 3976 872 4059 δόξαντ’,
907 3983 1071 4043 Herwerd.
1109 3981 1183 4060 (Mn.
1222 3980 1319 4060 1891)
1355 3985 1388 4043 et
1421 3983 1546 4043 Naber·

299 4105 329 4170 Β
352 4088 492 4166 αι’ἀζοντ’.
517 4085 537 4177 ΙΙ
561 4094 638 4154 Par⁰
663 4085 705 4154 ΑῙ
735 4091 929 4174 ἀμφοτέροισι
952 4095 1024 4175 (sic)
1048 4096 1214 4157 exhibenti
1238 4097 1525 4171 obtemperandum

305 4216 329 4284 0
353 4211 404 4270 est
427 4208 498 4270 coll.
524 4209 627 4269 364D
650 4205 791 4286 εὐχωλαῖς
814 4205 973 4288 ἀγαναῖσιν
995 4227 1051 4286 pro
1075 4203 1217 4293 εὐχωλῇσ’
1244 4207 1380 4293 ἀγανῇσι.
1405 4201 1424 4293 ΙΙ
1444 4210 1525 4270 Mille

351 4323 461 4384 Baiter
495 4338 522 4383 c.
557 4323 635 4383 Ροτ0
660 4322 689 4381 Α
723 4323 811 4383 dedit
842 4321 925 4406 ᾥμσι.
956 4324 1056 4386 Recte
1087 4325 1177 4385 editt.
1210 4321 1349 4400 (praeter
1379 4324 1462 4384 Bait.
1494 4325 1527 4383 et

353 4434 497 4514 (lampb.)
520 4437 619 4497 verba
642 4432 665 4495 ἀ
688 4434 781 4496 τόσοι
804 4435 900 4511 φάναι
924 4453 944 4498 a
967 4438 1115 4500 versibus
1136 4441 1336 4514 separarunt,
1356 4437 1421 4500 vid.
1441 4437 1526 4497 dicta

298 4550 393 4617 llad
428 4551 530 4611 363ss
561 4547 688 4628 (φησίν).
713 4543 733 4635 ΙΙ
758 4549 826 4610 Sec.
862 4549 992 4625 campo.
1019 4553 1091 4613 Per.
1115 4553 1145 4612 A
1168 4542 1270 4629 σχολὴν
1294 4550 1400 4611 exhib.
1429 4550 1526 4626 „with

352 4662 441 4736 gloss
470 4659 536 4720 ἀντὶ
565 4671 620 4756 τοῦ
650 4663 820 4741 οὐδαμῶς.”
853 4664 937 4724 Ante
968 4665 1152 4726 Bekkerum
1180 4665 1347 4738 legebatur
1369 4686 1412 4735 τις
1436 4659 1526 4722 αὐτὸν
