3417 5175
872 326 934 387 120

313 516 418 575 locum
450 514 750 587 interpolationibus
779 512 936 572 infectum
968 526 1040 572 esse
1063 512 1130 571 iam
1154 512 1236 573 satis
1261 528 1359 588 supra
1382 514 1491 574 osten·

313 629 388 687 dere
422 628 528 688 conati
563 642 688 686 sumus.
721 626 794 688 blox
826 626 949 697 corrige
979 624 1190 703 βεβαιούμενοι
1224 622 1286 697 [ὡς]
1323 630 1382 703 ιιτλ,
1412 642 1493 686 cum

314 742 412 801 verba
442 740 685 801 demonstrandi
715 739 849 816 (δηλοῦν,
877 735 1068 814 ἀποφαίνειν)
1093 754 1157 799 ποτε
1181 754 1255 799 cum
1280 737 1320 810 ὡς
1343 756 1369 801 c.
1393 741 1492 815 parti·

262 845 292 910 B
315 853 397 927 cipio
421 853 564 913 construi
586 853 722 913 soleant.
747 843 775 937 ΙΙ
791 852 891 912 Recte
914 851 1021 911 Baiter
1041 851 1139 911 verba
1159 872 1238 922 τινος
1257 852 1359 930 λαβεῖν
1379 854 1494 927 spuria

313 967 440 1026 censuit
468 966 623 1039 probante
654 965 870 1026 Herwerdeno
900 964 974 1035 (bln.
1002 963 1108 1034 1883).
1136 998 1175 1007 -
1201 964 1316 1024 Aetius
1338 966 1377 1025 ci.
1403 965 1493 1042 θείης

317 1074 450 1155 (dv),
480 1079 588 1139 Baiter
619 1079 716 1153 (prob.
748 1077 891 1153 Campb.)
928 1072 1045 1151 <dv>
1079 1074 1222 1154 ἀλλήλοις.
1257 1079 1420 1138 Particula
1451 1074 1492 1136 dlv

314 1191 428 1251 abesse
458 1192 580 1267 nequit,
612 1192 669 1251 sed
701 1192 849 1264 equidem
877 1192 954 1265 puto
978 1205 1052 1250 eam
1076 1191 1150 1265 post
1172 1198 1293 1249 τοιαῦτα
1318 1192 1491 1252 excidisse.

316 1305 389 1365 llox
420 1305 576 1365 amultis
599 1305 687 1366 codd.
714 1305 827 1364 Astius
851 1307 884 1364 et
909 1304 1020 1364 Stallb.
1046 1304 1266 1376 (mantione
1290 1324 1331 1386 πη
1355 1318 1413 1377 pro
1438 1325 1493 1363 ποι

268 1413 480 1480 Gdedarunt.
506 1419 589 1491 Lege
612 1416 717 1495 νυνδή.
742 1409 762 1500 ΙΙ
785 1418 857 1475 Vam
881 1418 905 1476 L
928 1415 1053 1494 ἐρῶντος
1076 1432 1132 1490 pro
1161 1414 1325 1494 ἐρωτῶντος
1350 1417 1492 1478 Oobetus

314 1533 402 1601 (nota
425 1536 498 1601 ms.)
522 1530 608 1591 male
631 1532 787 1604 probavit.
814 1530 887 1591 blox
909 1536 995 1591 'unus
1020 1532 1087 1591 cod.
1109 1531 1216 1590 exhib.
1237 1526 1416 1589 ἀπελαύνειν
1437 1525 1489 1607 ἀφ’

314 1642 417 1720 αὑτῆς,
446 1644 530 1716 quod
559 1644 653 1703 unice
685 1658 808 1704 verum.
834 1643 940 1703 Verba
970 1637 1019 1717 ἀφ’
1048 1640 1139 1719 αὑτῆς
1164 1644 1263 1704 etiam
1288 1644 1329 1703 ad
1353 1640 1492 1703 ἀπωθεῖν

263 1756 294 1821 I)
317 1757 489 1833 pertinent,
514 1757 599 1817 sicut
617 1757 650 1816 in
670 1758 688 1827 5
708 1758 733 1816 B
758 1754 950 1815 ἀπωθεῖσθαι
970 1758 1136 1827 (medium)
1159 1760 1352 1830 usurpatum
1372 1761 1433 1818 est.
1469 1751 1489 1841 Η

315 1872 489 1944 vulgatam
514 1871 561 1931 sic
584 1870 808 1945 corrigendam
827 1886 960 1931 censeo:
977 1858 1034 1948 Ἆρ’
1058 1861 1114 1928 οὖν
1138 1869 1307 1945 (δίψα),
1326 1865 1394 1929 καθ’
1418 1869 1491 1930 ὅσον

315 1984 340 2043 δ.
373 1982 386 2043 ἐ
395 2029 466 2042 .....
499 1983 555 2060 εἴη,
585 1976 650 2043 οἶόν
683 1983 781 2059 [δίψα]
815 1981 892 2042 ἐστιν
919 1981 1017 2058 [δίψα]
1043 1975 1101 2061 ἆρά
1124 2004 1155 2061 γε
1178 1987 1236 2041 κτλ.
1261 1985 1340 2044 Post
1363 1976 1406 2063 ἆρ’
1434 1976 1491 2044 οὖν

315 2113 378 2157 vox
409 2096 485 2171 δίψα
515 2098 629 2157 abesse
660 2097 781 2172 nequit,
813 2112 853 2156 ne
885 2097 1049 2156 sententia
1077 2096 1221 2172 obscura,
1246 2097 1365 2157 nedum
1390 2114 1491 2158 sensu

318 2226 421 2270 vacua
455 2210 522 2271 ilat.
558 2211 643 2270 Ante
678 2202 743 2269 οἷον
778 2226 908 2270 comma
941 2210 1044 2284 posui,
1079 2210 1155 2282 quia
1188 2210 1268 2270 haec
1299 2212 1397 2271 verba
1426 2227 1491 2272 non

317 2326 422 2397 magis
453 2326 643 2385 dissecanda
673 2328 751 2385 sunt
780 2341 880 2398 quam
904 2325 1053 2411 supra&
1076 2326 1101 2384 B
1127 2324 1160 2395 O)
1185 2325 1284 2386 verba
1305 2323 1334 2382 τί
1356 2315 1429 2397 οὖν;
1452 2315 1492 2401 ἦν

318 2433 344 2495 d'
369 2436 433 2515 ἐγώ·
453 2437 548 2513 διψῆν
556 2482 628 2495 .....
648 2436 684 2495 οὐ
706 2439 797 2511 (part.
810 2438 933 2506 interr.)
946 2435 1042 2496 πάντα
1054 2444 1146 2497 ταῦτα
1156 2483 1162 2496 .
1172 2483 1178 2495 ,
1188 2426 1194 2495 2
1204 2482 1226 2495 ..
1246 2436 1344 2514 θείης,
1359 2429 1491 2496 οἷον...

317 2547 383 2627 οὐχὶ
406 2553 446 2624 (p.
470 2550 632 2623 interrog.)
653 2549 823 2627 φήσεις....
844 2547 1008 2630 ηενέοειοςς.
1026 2551 1132 2612 Verba
1153 2550 1252 2627 δίψα
1272 2547 1370 2621 (ἐστιν)
1392 2547 1492 2625 δίψα

318 2668 411 2736 (quae
431 2663 510 2723 eieci
530 2679 571 2723 ne
590 2665 692 2723 oratio
712 2664 897 2735 balbutiret)
920 2665 1179 2737 interpretatorls
1202 2667 1289 2724 sunt.
1309 2664 1380 2723 Non
1404 2663 1492 2723 male

319 2778 417 2837 stiam
450 2776 624 2850 suspiceris
657 2793 724 2838 voc.
758 2777 844 2854 δίψα,
872 2779 955 2850 quod
987 2780 1062 2852 post
1091 2769 1135 2856 ἆρ’
1170 2769 1226 2837 ονἰν
1252 2778 1286 2836 in
1308 2777 1492 2837 sententiae

317 2890 409 2950 initio
433 2891 562 2965 excidit,
590 2892 622 2950 in
645 2892 792 2965 margine
811 2893 1012 2965 adscriptum
1036 2891 1148 2966 fuisse,
1172 2891 1286 2951 deinde
1310 2891 1343 2949 in
1367 2890 1491 2950 malam

316 3005 427 3063 sedem
463 3006 632 3066 devenisse
667 3008 701 3066 et
734 3007 875 3066 alterum
913 3006 1140 3066 tantummodo
1177 3004 1262 3088 δίψα,
1297 3005 1380 3078 quod
1415 3005 1492 3064 ante

317 3109 375 3196 ἆρά
398 3139 430 3196 ηε
450 3119 586 3194 legatur,
610 3120 789 3180 insiticium
818 3136 901 3195 esse,
919 3121 1028 3193 itaque
1052 3120 1100 3180 sic
1124 3119 1296 3193 legendum
1321 3133 1410 3178 esse:
1429 3105 1489 3193 Ἆρ’

318 3222 373 3290 οὖν
408 3231 560 3307 <ὃίψα>
572 3279 692 3292 ........
724 3225 789 3292 οἷον
821 3232 897 3308 δίψα
921 3230 998 3292 ἐστὶν
1023 3231 1121 3306 [δίψα]
1148 3224 1206 3311 ἆρά
1230 3253 1262 3310 γε
1289 3234 1348 3290 κτλ.
1371 3230 1495 3290 Deinde

318 3347 389 3406 dele
419 3353 523 3421 ποτοῦ,
553 3347 630 3419 quia
653 3362 721 3407 voc.
745 3346 884 3422 πώματος
908 3347 940 3405 in
964 3344 1027 3406 tine
1051 3344 1181 3406 sufficit.
1206 3345 1310 3404 Verba
1333 3349 1449 3421 θερμοῦ
1472 3340 1495 3421 ἢ

318 3467 437 3536 ψυχροῦ
468 3461 609 3534 pendent
638 3460 678 3519 ab
710 3457 866 3537 ἐπιθυμία,
896 3460 979 3532 quod
1010 3460 1051 3520 ad
1074 3451 1139 3518 οἷόν
1164 3458 1263 3532 [δίψα]
1290 3456 1367 3517 ἔστιν
1392 3457 1492 3534 [δίψα]

320 3563 565 3648 &pulpamenta
589 3572 802 3646 supplendum
827 3589 844 3632 e
867 3573 1076 3647 praegressis.
1101 3572 1258 3632 Richards
1278 3571 1391 3641 (lilaea.
1412 3571 1493 3632 Rev.

267 3680 295 3744 Ε
322 3682 417 3753 1893)
441 3685 479 3744 ci.
504 3676 569 3743 οἷον
593 3684 668 3759 δίψα
692 3682 769 3744 ἐστὶν
794 3683 1015 3762 (ἐπιθυμία)
1042 3685 1141 3761 [δίψα]
1166 3677 1224 3762 ἆρά
1244 3706 1276 3764 γε
1295 3688 1353 3743 κτλ.
1374 3677 1393 3766 ΙΙ
1415 3685 1493 3745 Hel·-

318 3797 430 3857 manni
449 3798 733 3872 transpositionem
754 3808 861 3882 προσῇ,
880 3797 934 3874 την
955 3807 1007 3858 τοῦ
1027 3803 1208 3876 θερμοῦ....
1225 3796 1277 3858 ἐὰν
1290 3793 1322 3857 δὲ
1334 3796 1497 3876 ψυχρότης,

318 3908 371 3988 τὴν
387 3919 440 3970 τοῦ
453 3909 571 3987 ψυχροῦ
584 3911 705 3985 optimo
718 3912 788 3971 iure
800 3913 909 3972 Baiter
920 3912 1085 3986 (probante
1098 3911 1228 3972 Hellero
1242 3911 1313 3973 Gur.
1328 3911 1403 3972 Orit.
1417 3927 1448 3985 p.
1465 3914 1495 3987 1,

247 4068 250 4072 -
316 4024 574 4098 improbantibus
602 4026 713 4084 autem
739 4025 898 4086 Schmelz.
924 4027 956 4085 et
981 4024 1128 4100 campb0)
1152 4026 1312 4099 suscepit;
1341 4028 1380 4084 ut
1406 4026 1495 4085 enim

317 4136 367 4197 διὰ
390 4139 528 4215 πλήθους
552 4138 720 4216 παρουσίαν
744 4139 818 4198 sitis
840 4136 934 4215 πολλὴ
956 4141 1017 4214 est,
1039 4140 1085 4199 sio
1105 4139 1261 4199 nimirum
1280 4147 1315 4220 τῇ
1336 4137 1498 4216 θερμότητι

316 4256 367 4312 est
387 4253 500 4328 calida,
520 4268 585 4312 non
605 4252 728 4326 frigida.
752 4285 792 4295 -
815 4252 890 4312 Mox
911 4253 1074 4313 Herwerd.
1097 4253 1169 4323 (lln.
1195 4254 1289 4322 1883)
1308 4268 1344 4312 se
1365 4267 1496 4326 exspec-

315 4368 411 4425 tasse'
436 4367 519 4426 dixit
541 4363 591 4424 καὶ
615 4364 687 4424 αὐτὸ
715 4363 823 4440 <τὸ>
850 4372 957 4441 πεινῆν
987 4363 1158 4440 (αὐτοῦ)
1187 4364 1351 4444 βρώματος,
1374 4380 1438 4439 qua
1461 4368 1498 4425 0³

314 4481 444 4552 recepta
468 4479 614 4539 Platonis
637 4495 773 4538 manum
798 4493 987 4552 recuperare
1012 4479 1093 4538 mihi
1116 4479 1237 4539 videor.

166 4594 230 4652 438
260 4590 290 4657 Δ
359 4592 472 4653 Astius
495 4594 533 4653 ci.
559 4592 599 4668 μή
619 4591 648 4648 τί
668 4613 720 4667 τις,
739 4592 898 4652 Richards
919 4592 1029 4654 autem
1051 4591 1166 4662 (Closs.
1187 4592 1266 4652 Rev.
1291 4591 1386 4661 1893)
1408 4591 1498 4651 dubi·
