3417 5175
745 352 785 415 81

174 537 224 609 οἷα
253 552 313 624 κτλ,
345 548 408 608 388
436 548 464 607 Α
487 540 636 619 πλωΐζεοιι’
662 562 718 622 pro
743 542 897 625 δινεύεσκ’,
920 548 1017 621 Legg.
1044 550 1159 609 ilia
1183 546 1273 627 ἥμισυ
1297 542 1352 628 γὰρ

173 668 224 724 κκλ
260 660 315 741 [ex
349 662 464 737 Odyse.
500 664 551 740 17,
583 658 672 739 392),
704 662 777 722 3113.
809 661 901 738 Vide,
927 663 955 722 si
978 663 1063 724 tanti
1086 665 1148 739 est,
1172 664 1354 738 perantiqui

175 777 289 852 papyri
320 777 435 850 fragm.
465 775 576 837 Iliadis
600 780 631 834 Λ
654 776 829 837 loa-537
854 776 1034 853 continens,
1058 776 1114 835 ubi
1136 778 1210 851 post
1234 792 1264 837 v.
1290 778 1353 837 513

175 892 239 951 duo
269 890 362 951 nobis
392 891 468 950 ante
490 889 592 963 ignoti
616 889 767 950 versiculi
790 893 971 963 sequuntur
994 885 1044 967 (ci.
1069 889 1298 950 Leeuwenium
1321 889 1355 949 in

176 1004 295 1065 linem.
331 1003 414 1064 1892
445 1019 476 1077 p.
512 1000 597 1079 127).
622 1004 660 1062 In
683 1002 816 1063 Hesiodi
839 1002 1037 1063 carminibus
1061 1018 1126 1064 non
1149 1004 1255 1063 minor
1279 1003 1354 1081 (vid.

153 1119 370 1193 'interpretes
400 1118 439 1179 ad
471 1118 536 1178 469
567 1115 608 1194 Δ)
636 1116 852 1191 discrepantia
876 1118 1018 1191 apparet.
1047 1150 1085 1159 -
1110 1116 1243 1190 Aliquot
1266 1118 1355 1179 codd.

176 1231 411 1309 νεανισαεύματα
447 1231 611 1306 exhibent,
647 1231 730 1303 quod
764 1230 883 1291 melius
916 1245 1016 1304 quam
1051 1230 1265 1307 νεανικεύματα
1297 1227 1357 1308 (Sic

120 1341 151 1406 Β
178 1347 251 1408 Par.
272 1342 323 1424 A).
349 1336 369 1428 ΙΙ
393 1345 567 1420 vulgatam
587 1340 626 1415 ὡς
639 1342 729 1420 μόνος
743 1338 939 1423 ἐγρηγορὼςᾶ
955 1340 1149 1422 ἐβουλεύσατο
1161 1343 1275 1403 τούτων
1284 1388 1356 1402 .....

177 1456 456 1535 ἐπιλανθανόμενον
480 1474 497 1517 e
519 1456 703 1519 recentibus
727 1457 817 1517 editt.
842 1456 926 1517 Bait.
953 1457 1111 1518 schmelz.
1138 1456 1268 1531 campb.
1294 1472 1357 1517 ser-

179 1574 298 1633 varunt
316 1587 381 1633 non
399 1569 620 1658 intelligentes
640 1565 679 1640 ὡς
699 1584 831 1644 prorsus
851 1570 904 1630 hic
923 1570 1071 1644 ineptum
1084 1586 1167 1646 esse,
1181 1571 1217 1629 ut
1229 1570 1357 1631 demon·

179 1687 299 1748 stravit
321 1684 414 1763 (illus.
439 1685 540 1745 Rhen.
565 1684 621 1760 IV)
645 1684 864 1759 Hermannus,
891 1698 990 1759 prave
1014 1686 1126 1745 tamen
1146 1684 1215 1759 ipse
1232 1682 1283 1744 καὶ
1302 1700 1358 1760 pro

179 1797 219 1871 ὡς
254 1800 423 1861 coniciens.
459 1798 606 1859 Absurde
643 1796 774 1872 Gampb.
809 1798 1062 1858 construendum
1094 1799 1206 1859 censet
1238 1795 1359 1858 ἀκούειν

181 1912 240 1973 Δία
264 1910 304 1984 ὡς
328 1909 613 1989 ἐπιλανθανόμενον.
632 1911 703 1972 Non
722 1910 809 1971 male
829 1910 869 1970 H.
890 1910 1030 1971 Jackson
1050 1908 1172 1988 (Journ.
1192 1911 1357 1973 ο1Ρ111101.

178 2025 281 2107 1872)
312 2029 351 2088 ci.
383 2018 424 2097 εἷς
453 2024 545 2103 μόνος
568 2022 626 2105 epp.
650 2021 670 2083 ἃ
693 2022 735 2103 ἐβ.
758 2028 836 2100 αιλ.;
861 2026 896 2086 at
919 2040 983 2086 non
1006 2022 1039 2084 τὸ
1062 2024 1156 2101 μόνον
1181 2022 1358 2107 ἐγρηγορότα

179 2140 403 2221 βουλεύσασθαι
426 2140 630 2213 urguendum
653 2140 713 2215 est,
738 2139 795 2198 sed
819 2135 850 2197 τὸ
875 2134 1142 2215 ἐπιλανθάνεσθαι,
1164 2140 1249 2201 unde
1269 2143 1360 2215 patet

179 2237 356 2329 pronomen
388 2249 407 2311 il
434 2253 505 2314 sine
528 2268 627 2314 causa
650 2251 869 2331 postpositum
893 2266 975 2313 esse.
1001 2253 1115 2325 Itaque
1138 2254 1260 2327 optime
1283 2254 1360 2315 Her·

181 2369 279 2429 werd.
312 2365 387 2445 (Mn.
423 2363 520 2444 1888)
551 2366 708 2440 probante
740 2365 917 2426 Richardso
933 2426 935 2430 ,
949 2362 1063 2443 (class.
1092 2366 1171 2427 Rev.
1199 2365 1296 2445 1893)
1321 2368 1361 2429 31.

181 2478 236 2541 ὅσα
262 2478 354 2558 μόνος
378 2477 435 2558 epp.
462 2474 503 2550 [tt]
528 2476 624 2557 ἐβονλ.
648 2482 706 2538 κιλ.
731 2479 852 2539 Deinde
873 2479 994 2553 optime
1012 2479 1171 2540 Eusebius
1192 2495 1218 2540 c.
1240 2481 1366 2555 aliquot

181 2596 270 2658 codd.
295 2592 513 2671 ἐπιλαθόμενον
535 2594 677 2670 tradidit,
697 2595 782 2667 quod
802 2593 1023 2656 necessarium
1045 2596 1182 2655 estcum
1196 2595 1363 2670 participia

128 2707 155 2775 C
179 2707 398 2786 ἐπιλαθόμενον
422 2710 455 2768 et
480 2703 659 2785 ἐκπλαγέντα
685 2708 870 2768 coordinata
895 2708 970 2768 sint.
996 2699 1015 2791 Ι)
1040 2710 1137 2770 Porro
1157 2709 1362 2783 participium

182 2823 367 2905 βουλόμενον
402 2823 651 2900 expungendum
682 2824 743 2899 est,
768 2824 842 2898 post
864 2819 978 2882 ἐθέλειν
1002 2838 1066 2883 non
1089 2824 1184 2884 modo
1209 2823 1360 2899 otiosum,

183 2939 240 3000 sed
270 2953 310 2999 ne
332 2936 500 2999 tolerabile
523 2937 663 3011 quidem.
692 2936 773 2997 (tum
796 2937 965 3011 perpaucis
989 2937 1079 2997 codd.
1104 2937 1170 2996 eice
1194 2938 1362 3010 praeterea

182 3049 234 3112 καὶ
256 3054 333 3113 ante
356 3045 487 3130 λέγοντα,
510 3051 586 3124 quia
610 3065 649 3110 ea
673 3051 770 3110 verba
796 3049 1040 3110 excusationem
1063 3056 1116 3108 rob
1136 3045 1249 3107 ἐθέλειν
1269 3049 1362 3109 humi

183 3180 393 3228 consuescere
424 3165 600 3225 continent.
628 3163 703 3223 Mox
724 3179 750 3224 c.
775 3162 991 3223 Herwerdeno
1014 3159 1089 3240 (Mn.
1117 3158 1214 3239 1883)
1239 3162 1361 3236 corrige

182 3273 250 3358 παρ’
281 3293 338 3354 pro
372 3274 446 3357 πρὸς
472 3273 651 3353 (ἀλλήλους),
682 3276 722 3336 cf.
756 3293 785 3336 v.
818 3292 844 3336 0.
875 3277 938 3336 328
962 3276 999 3336 D.
1024 3274 1107 3355 Πρὸς
1131 3276 1164 3336 et
1186 3274 1267 3355 παρὰ
1289 3292 1361 3350 coll·
1492 3259 1494 3264 .

183 3393 274 3453 fundi
308 3391 416 3454 docuit
450 3390 592 3451 Bestius.
628 3423 668 3432 -
705 3389 844 3464 Optimis
879 3392 967 3452 codd.
996 3387 1104 3470 ’Ἄρεως
1136 3390 1362 3453 exhibentibus

130 3503 272 3569 Erecte
313 3506 489 3580 paruerunt
527 3504 674 3565 Schneld.
709 3505 822 3566 Herm.
858 3504 940 3564 Bait.
978 3503 1109 3580 Gampb.
1135 3494 1255 3587 1111313
1289 3506 1363 3580 post

184 3616 348 3695 ἀξίωσομεν
371 3617 464 3678 futile
487 3618 815 3693 interpretamentum
840 3610 910 3676 οὐδ’
936 3613 1165 3698 ὁμολογήσομεν.

38 3731 97 3790 391
129 3724 162 3792 A
230 3732 330 3793 Recte
349 3731 432 3793 Bait.
450 3725 562 3791 ’θέλειν
575 3733 713 3807 scripsit.
727 3732 767 3792 Et
779 3731 963 3793 Dindorflus
975 3748 1025 3807 ap.
1040 3732 1209 3794 Platonem
1221 3734 1363 3796 formam

185 3842 299 3905 ἐθέλειν
318 3846 462 3919 requirit.
481 3847 519 3906 In
531 3846 710 3906 Phaedonis
723 3862 843 3920 papyro
857 3847 899 3906 80
912 3847 938 3906 D
951 3844 1022 3918 θεὸς
1034 3844 1116 3929 θέλει
1129 3851 1247 3926 exstat,
1260 3848 1363 3908 sedin
1447 3845 1449 3852 ’

185 3960 307 4022 nostris
326 3958 414 4020 codd.
433 3956 505 4030 θεὸς
526 3956 628 4019 ἐθέλει.
641 3961 807 4022 Facillime
819 3961 925 4036 prima
937 3961 1046 4023 littera
1059 3963 1149 4023 verbi
1161 3959 1274 4022 ἐθέλειν
1287 3963 1362 4021 ante

188 4073 214 4133 Θ
233 4072 380 4134 excidere
399 4075 536 4149 poterat,
557 4074 643 4134 sicut
662 4076 848 4136 sexcenties
868 4077 943 4137 ante
961 4059 1032 4147 θεός
1046 4075 1202 4137 articulus
1216 4071 1241 4136 ὁ.
1255 4075 1279 4135 Ε
1295 4075 1363 4135 13111

186 4188 227 4248 Μ.
259 4187 383 4248 Schanz
415 4162 510 4265 (Nou.
537 4188 660 4249 domm.
685 4189 767 4250 Plat.
795 4187 893 4268 1871)
918 4187 1031 4250 ἐθέλειν
1054 4190 1087 4250 in
1112 4188 1362 4250 (1131113οοί13-

186 4300 339 4375 quentius
350 4315 450 4374 quam
462 4299 562 4361 θέλειν
571 4303 744 4383 inventum
757 4303 877 4364 docuit.
890 4303 951 4364 Hic
965 4304 1095 4379 Gampb.
1109 4299 1222 4361 ἐθέλειν
1231 4302 1361 4378 recepit,

185 4428 386 4488 quamquam
405 4429 469 4476 non
489 4415 600 4478 dubito
619 4416 697 4491 quin
716 4413 830 4476 ἐθέλειν
851 4417 937 4479 sicut
956 4414 1065 4488 ἐκεῖνος
1085 4416 1276 4490 aphaeresin
1295 4417 1364 4490 pati

185 4529 290 4603 possit
320 4530 397 4590 ante
422 4530 551 4591 vocales
574 4531 697 4607 longas,
721 4532 892 4606 praecipue
915 4527 935 4610 λ
959 4531 1010 4593 vel
1034 4529 1084 4607 μή.
1111 4563 1151 4574 -
1176 4530 1247 4591 Ρ31.
1272 4531 1301 4590 Δ
1325 4527 1363 4606 όν)
1398 4597 1399 4601 ¹

184 4659 243 4720 pro
263 4637 306 4704 δι’
330 4640 495 4723 (Ὅμηρον)
516 4647 664 4720 praebet;
688 4644 818 4720 campo,
836 4643 893 4723 ,31)
907 4645 985 4706 with
998 4647 1112 4706 accent
1123 4659 1200 4705 over
1212 4661 1362 4718 erasure;

1271 4749 1285 4794 a
