3417 5175
915 412 954 472 18

338 596 484 677 ἀναίδεια,
508 598 644 660 αὐθαδία
668 602 773 671 (Dind.
798 602 910 660 autem
933 599 978 659 l.l.
1004 601 1036 659 et
1056 598 1167 659 Heller
1187 596 1338 657 αάθάἀτια
1358 599 1514 674 probant),

338 710 465 790 εὐέπεια,
485 711 621 791 εὐμαρία,
641 710 785 793 εὐσέβεια,
804 712 963 789 συνήθεια,
981 707 1093 788 ὠφελία
1106 713 1162 783 (sic
1174 712 1365 787 plerumque
1380 712 1451 773 Par.
1465 713 1513 782 A).

338 827 447 887 Heller
471 829 582 888 contra
606 831 645 902 (p.
673 828 723 897 12)
747 827 868 887 rectius
892 826 971 885 mihi
999 826 1126 885 videtur
1156 841 1219 885 uno
1244 822 1361 901 ἀμαθία
1386 827 1515 886 servato

339 944 440 1018 ποία,
463 938 521 1017 cd,
541 939 621 1011 δυσ,
640 939 823 1016 φτλομάθεια
841 940 1005 1014 probasse.
1026 938 1087 999 Per
1109 960 1153 997 ενα
1170 939 1337 1012 praeterea
1350 940 1517 999 scribenda

338 1035 416 1113 sunt
439 1055 518 1114 haec
537 1053 760 1114 substantiva:
781 1052 887 1128 αἴκεια,
907 1050 1057 1130 εὐμάρεια,
1076 1048 1218 1130 εὐγένεια,
1237 1050 1375 1126 εὐφύεια,
1397 1048 1518 1126 ἀφύεια,

342 1164 480 1245 ἀκράτεια
511 1169 613 1238 (cuius
645 1167 749 1227 altera
772 1168 876 1226 forma
899 1164 1022 1245 ἀκράτία
1046 1167 1116 1225 sive
1140 1162 1266 1244 ἀκράσία
1290 1181 1363 1225 cum
1390 1166 1429 1225 ab
1453 1165 1518 1225 alia

223 1310 226 1315 ·
339 1282 438 1355 stirpe
461 1282 556 1341 ducto
581 1281 786 1341 substantivo
809 1277 936 1357 ἀκρασία
959 1279 1109 1340 conlundi
1132 1294 1197 1339 non
1218 1280 1333 1354 debet),
1355 1277 1518 1354 αὐθάδεια,

340 1390 475 1469 ὠφέλεια.
505 1428 545 1436 -
569 1395 607 1453 In
625 1366 648 1463 ’ἓ
671 1394 729 1453 ult.
754 1394 877 1467 corrige
901 1394 947 1452 sis
971 1390 1062 1451 νόσον
1090 1392 1201 1465 <ιε>
1227 1388 1277 1449 καὶ
1300 1389 1426 1469 ὑγίεια-ν,
1452 1392 1514 1453 vid.

290 1503 426 1568 Edicta
456 1508 497 1567 ad
529 1509 592 1568 334
617 1506 652 1567 Ε.
677 1497 696 1589 ΙΙ
721 1506 791 1565 vam
817 1508 841 1566 L
865 1509 1061 1584 προπολεμεῖν
1086 1520 1142 1579 pro
1166 1507 1380 1583 προσπολεμεῖν
1405 1505 1514 1579 Steph.

338 1622 371 1680 et
394 1620 456 1679 Ast
478 1619 662 1696 probarunt,
687 1620 784 1695 male,
808 1619 892 1693 quod
915 1621 987 1679 tum
1008 1622 1169 1695 συμμαχεῖν
1189 1619 1284 1693 plane
1304 1619 1446 1679 otiosum
1467 1616 1514 1678 fit.
1555 1677 1558 1681 ,

337 1733 509 1795 Praeterea
528 1738 724 1812 προπολεμεῖν
745 1735 783 1795 de
799 1733 840 1793 iis
853 1733 1002 1808 usurpari
1014 1733 1097 1794 solet
1109 1733 1164 1805 qui
1175 1733 1315 1807 patriam
1329 1714 1513 1793 defendunt.

338 1848 396 1923 Qui
428 1848 465 1907 V.
499 1848 524 1907 L
556 1845 599 1918 [ἐν
627 1851 677 1931 τῷ]
703 1842 865 1925 ξυμμαχεῖν
888 1848 1032 1923 probant,
1058 1862 1114 1908 eos
1141 1847 1253 1920 <ιε>
1279 1843 1333 1927 καὶ4
1354 1846 1515 1923 ξομμαχεῖν

337 1961 443 2034 legere
474 1962 609 2037 oportet,
646 1962 708 2022 vid.
741 1961 759 2030 5
789 1961 815 2019 D
848 1956 989 2035 ἀφελείας
1021 1981 1051 2018 τε
1081 1956 1131 2018 καί
1164 1959 1276 2037 βλάβας
1308 1962 1340 2019 et
1364 1959 1451 2020 dicta
1474 1960 1514 2018 ad
1543 1964 1545 1968 “

338 2076 402 2135 334
427 2074 461 2133 Ε.
485 2074 657 2134 Praeterea
681 2075 803 2147 corrige
827 2071 925 2152 ἕμοτχε
949 2074 1057 2133 δοκεῖν.

192 2196 255 2254 333
286 2190 316 2257 Α
386 2187 548 2248 Vocabula
570 2186 669 2265 χρείαν
692 2184 712 2265 ἢ
735 2195 838 2264 κτῆσιν
862 2190 895 2248 et
919 2186 1029 2263 4510,
1055 2186 1179 2247 Menex.
1205 2187 1269 2247 238
1293 2186 1318 2246 Β
1343 2186 1514 2247 coniuncta

284 2307 314 2370 Β
337 2305 424 2363 sunt.
450 2293 469 2384 ΙΙ
494 2304 531 2362 In
554 2302 572 2371 ἐ
597 2303 621 2361 Β
640 2318 697 2377 pro
716 2301 910 2380 κρουσμάτων
931 2302 988 2371 (sic
1008 2302 1069 2361 duo
1090 2301 1191 2370 codd.)
1213 2300 1303 2361 editt.
1319 2299 1414 2372 vulgo
1428 2300 1514 2360 recte

338 2415 513 2493 κρουμάτων
537 2416 690 2491 scribunt,
716 2416 779 2476 etsi
802 2415 1009 2475 substantiva
1031 2415 1064 2473 in
1089 2436 1140 2489 -μα
1169 2415 1322 2475 exeuntia
1343 2417 1417 2484 (uno
1439 2422 1512 2473 νοα0

338 2530 419 2606 ζῶμα
443 2531 598 2606 excepto),
623 2530 650 2589 si
674 2544 694 2589 a
716 2528 868 2604 perfectis
891 2529 924 2588 in
949 2506 1031 2604 -σμαι
1055 2542 1130 2589 cum
1155 2528 1272 2588 natura
1291 2526 1386 2601 longa
1406 2526 1512 2602 penul·
1618 2612 1619 2616 ρ

268 2677 271 2680 »
337 2645 420 2702 tima
455 2644 551 2703 ducta
582 2644 669 2716 sunt,
700 2641 845 2702 litteram
876 2657 894 2699 σ
924 2656 1092 2702 assumere
1123 2641 1229 2701 solent
1261 2641 1335 2711 (vid.
1370 2636 1516 2718 ἀκουσμα,

337 2761 490 2835 θραῦσμα,
513 2752 667 2831 κε’λευσμα,
689 2753 861 2833 πάλαισμα).
885 2755 1084 2815 Terminatio
1108 2754 1141 2814 in
1165 2769 1235 2831 υμα
1259 2755 1418 2815 recentior
1443 2758 1512 2814 erat

337 2885 435 2943 quam
467 2869 579 2928 altera.
606 2902 646 2910 -
672 2867 754 2928 (ilar.
778 2869 935 2929 Richards
959 2867 1072 2939 (Olass.
1097 2868 1176 2928 Rev.
1204 2864 1298 2937 1893)
1324 2868 1363 2928 ci.
1388 2863 1445 2926 ἀλλ’
1472 2865 1513 2938 εἰς

209 2965 212 2970 ¹
335 2983 413 3054 τίνος
445 2987 512 3058 (pro
542 2982 618 3053 τίνα)
652 2980 689 3059 δὴ
717 2982 889 3059 κοινωνίαν,
914 2999 977 3043 11011
1002 2982 1099 3057 male,
1123 2983 1199 3054 quia
1222 2981 1254 3040 ill
1279 2979 1298 3056 ἓ
1321 2982 1349 3040 Α
1373 2981 1513 3054 legimus

334 3095 375 3167 εἰς
406 3095 443 3154 τί
450 3117 515 3167 νος
547 3095 647 3175 χρείαν
674 3092 694 3174 ἢ
717 3105 830 3174 πτῆσιν,
860 3112 923 3157 non
947 3112 1025 3156 Vero
1056 3093 1096 3166 εἰς
1120 3093 1210 3153 τίνα
1232 3093 1340 3173 χρείαν.
1364 3094 1513 3155 Nonnun-

336 3225 435 3282 quam
466 3210 539 3281 (vid.
572 3211 673 3280 Bast.)
704 3210 833 3270 litterae
865 3210 890 3270 Ο
915 3212 948 3271 et
972 3209 994 3270 (l
1019 3210 1052 3268 in
1076 3208 1236 3282 scriptura
1259 3207 1387 3285 unciali,
1412 3223 1513 3281 quum

337 3325 439 3384 altera
469 3325 607 3384 alteram
639 3324 806 3399 contingit,
838 3325 885 3384 ita
909 3324 1094 3384 coalescunt
1118 3324 1154 3382 ut
1178 3322 1322 3383 litteram
1347 3345 1366 3380 α
1389 3337 1512 3396 reprae-

291 3433 468 3502 Gsentare
499 3438 678 3498 videantur.
711 3472 752 3480 -
786 3436 914 3510 corrige
938 3435 1035 3515 ἔμοιγε
1060 3436 1165 3496 ἀσκεῖν,
1191 3428 1209 3520 ΙΙ
1233 3432 1381 3514 verbali
1404 3435 1513 3520 χρυσίῳ

336 3551 544 3626 suppositicia
568 3552 654 3625 sunt,
679 3551 754 3623 quia
777 3551 811 3610 in
833 3551 992 3625 proximis
1019 3547 1065 3628 (Β)
1089 3565 1153 3610 non
1173 3552 1211 3610 de
1231 3551 1375 3626 argento,
1396 3549 1453 3609 sed
1474 3551 1513 3610 de

335 3665 471 3738 pecunia
501 3680 609 3725 sermo
640 3665 711 3724 fuit.
744 3665 843 3725 Plane
874 3665 982 3726 differt
1009 3664 1098 3725 locus
1122 3665 1155 3722 in
1179 3659 1242 3722 442
1267 3662 1301 3723 Ε.
1326 3662 1512 3722 Verisimile

335 3781 395 3855 est,
421 3793 520 3851 quum
546 3779 697 3838 continuo
722 3778 858 3838 verbum
879 3774 1151 3856 παρακαταθέσθαι
1171 3769 1335 3851 sequatur,
1356 3775 1514 3836 lectorem

332 3893 494 3966 quendam
529 3892 589 3952 loci
620 3892 686 3952 iere
719 3892 898 3952 consimilis
923 3892 956 3951 in
979 3893 1042 3952 332
1064 3892 1094 3950 Α
1118 3891 1176 3950 ult.
1202 3884 1244 3960 (ὃς
1268 3886 1305 3947 ἀν
1329 3911 1368 3973 τῳ
1392 3887 1514 3967 χρυσίον

332 4005 435 4090 ἀποδῷ
466 4001 752 4088 παρακαταθεμένῳ)
785 4020 965 4065 memorem
998 4005 1031 4063 in
1063 4019 1128 4077 mg.
1162 3999 1313 4086 ἢχρνσίῳ
1338 4003 1514 4062 annotasse

333 4137 434 4194 eaque
466 4119 565 4180 verba
595 4122 708 4194 postea
736 4121 769 4178 in
794 4121 923 4179 textum
947 4119 1127 4180 devenisse.
1154 4117 1198 4179 Oi.
1225 4091 1289 4177 334
1313 4118 1341 4176 Α
1364 4115 1391 4175 εἰ
1412 4112 1470 4194 ἀρα
1498 4111 1514 4176 ὅ

335 4233 448 4304 δίκαιος
472 4229 615 4312 ἀργύριον
640 4230 736 4302 δεινὸς
760 4230 926 4307 φυλάττειν,
958 4263 996 4274 -
1023 4232 1206 4293 Secundum
1228 4247 1275 4308 ea,
1298 4247 1380 4306 quae
1402 4233 1463 4293 331
1486 4231 1514 4290 D

335 4347 507 4421 disputavi,
540 4347 709 4419 sequentia
740 4346 786 4406 sic
817 4345 937 4406 scribe:
972 4342 1100 4417 οὐκονν;
1132 4341 1223 4424 λέγεις
1248 4343 1319 4403 ὅταν
1339 4340 1513 4422 μηδὲν...

334 4465 470 4536 κεῖσθαι;
497 4460 611 4520 eodem
634 4460 729 4520 modo
750 4474 812 4532 quo
832 4460 906 4533 post
925 4458 954 4517 τί
972 4456 1004 4517 ἀί
1024 4461 1086 4520 duo
1106 4459 1258 4533 interrog.
1280 4459 1373 4533 signa
1392 4472 1512 4533 ponun-

282 4578 310 4643 ll
334 4577 396 4634 tur.
422 4566 441 4658 ΙΙ
465 4575 537 4635 Par.
564 4568 604 4634 ΑΙ
627 4573 750 4651 οὐκοῦν,
772 4565 826 4633 ΑΗ
850 4589 916 4646 mg.
941 4570 996 4632 οὐκ
1016 4569 1054 4631 ἀν
1075 4564 1131 4632 οὐν
1151 4590 1215 4635 sec.
1237 4573 1368 4648 (lampb.
1382 4573 1515 4633 exhibet

333 4690 421 4764 (,tlre
442 4712 459 4746 ν
488 4689 523 4748 of
539 4685 577 4746 ἀν
602 4689 708 4763 partly
732 4689 826 4748 eaten
851 4688 988 4760 away'’).
1016 4721 1055 4731 -
1081 4687 1190 4749 Baiter
1213 4688 1385 4761 legendum
1410 4687 1513 4762 suspi-
