3417 5175
893 331 935 391 48

345 521 483 581 Baitero.
515 520 581 594 Ego
614 518 652 598 (c.
678 522 825 582 Schneid.
851 521 1010 582 schmelz.
1037 516 1185 597 Gampb.)
1215 538 1254 582 ea
1279 523 1402 582 servari
1426 523 1528 583 veiim

345 635 474 707 propter
503 634 602 693 verba
632 634 665 694 in
689 633 715 693 D
746 630 866 691 ἀδικίαν
897 628 951 709 μὲν
982 630 1137 713 ψέγοντος,
1166 632 1363 712 δικαιοσύνην
1388 631 1421 694 bi
1443 632 1528 695 ἔπαι-

345 754 480 823 ναονιος,
515 763 598 820 quae
631 749 835 821 opponuntur
868 748 957 807 hisee
993 746 1169 823 δικαιοσύνη
1202 743 1333 825 ψέγεται,
1364 745 1464 807 ἀδικία
1495 743 1525 807 δ’

291 853 512 919 Βὲιιαινεῖιαι.
544 861 628 922 Casu
660 877 699 922 ea
723 862 821 922 verba
844 862 877 921 in
902 862 973 921 Par.
998 862 1027 920 A
1052 862 1251 923 exciderunt.
1279 853 1298 945 ΙΙ
1324 863 1403 924 Oum
1432 865 1528 924 Aetio

345 975 448 1034 scribe
479 975 667 1059 πρῳαίτερον.
698 976 748 1035 Ad
779 975 858 1035 illud
889 978 1062 1051 κηληθῆναι
1095 974 1134 1034 cf.
1167 975 1304 1036 Phaedr.
1335 978 1398 1037 267
1423 976 1448 1036 D
1474 974 1527 1056 (de

345 1086 531 1163 Protagora)
567 1084 803 1167 ὀργίσαι....καὶ
837 1087 927 1146 πάλιν
966 1084 1157 1167 ὠργισμένοις
1189 1085 1310 1170 ἐπᾴδων
1342 1093 1450 1167 κηλεῖν.
1482 1124 1527 1131 -

290 1198 322 1263 Ι)
345 1202 424 1263 Ven.
450 1204 536 1262 Ποῖ
560 1198 759 1266 Eexhibent
791 1199 843 1260 ἐύν
868 1218 914 1261 σοι
936 1209 1028 1260 ιαοκα
1053 1201 1137 1285 δοκῇ.
1164 1191 1183 1284 ΙΙ
1206 1202 1300 1261 Unus
1325 1204 1392 1263 cod.
1419 1204 1527 1281 βουλο-

344 1313 422 1400 μένῳ
439 1312 595 1392 <εἴη>ἀ
619 1313 701 1395 λέγω,
724 1316 825 1391 male;
850 1317 913 1377 Ast
935 1318 1047 1377 autem
1072 1318 1105 1375 et
1131 1315 1283 1376 Oobetue·
1296 1314 1386 1393 (nota
1406 1333 1468 1377 ms,
1490 1318 1526 1377 in

345 1431 415 1490 eius
434 1429 516 1489 Plat.
533 1430 711 1503 exemplari
724 1429 822 1503 Lugd.
836 1430 872 1489 B.
893 1431 1072 1499 asservato)
1090 1426 1243 1503 <ἐσιῖν>
1260 1429 1469 1503 requirebant
1490 1425 1525 1507 ¹).

344 1543 463 1615 Utique
505 1544 615 1603 mente
656 1539 733 1601 ἐσιὶν
774 1543 1000 1618 supplendum,
1039 1558 1103 1602 non
1146 1539 1218 1621 λέγω
1254 1545 1290 1602 οῖ
1327 1542 1526 1617 Oampbellio

293 1656 453 1728 livinum
485 1660 545 1717 est.
571 1648 589 1739 ΙΙ
615 1657 830 1717 Herwerdeno
863 1656 937 1732 (Mn.
965 1655 1062 1731 1883)
1088 1657 1186 1717 verba
1208 1654 1237 1714 εί
1262 1652 1296 1714 ἀν
1320 1677 1350 1715 ιε
1373 1654 1423 1716 καὶ
1448 1655 1523 1716 ὅθεν

343 1767 444 1849 γέγονε
476 1769 651 1846 δικαιοσύνη
684 1770 812 1830 eicienti
835 1785 967 1843 prorsus
990 1770 1160 1831 assentior.
1185 1770 1234 1829 Ex
1257 1770 1275 1839 ἓ
1300 1769 1322 1830 0
1347 1761 1424 1846 (οἷον
1449 1761 1528 1828 εἷναί

341 1901 415 1959 φασι
442 1880 492 1940 καῖ
515 1881 589 1942 ὅθεν
612 1879 776 1961 γεγονέναι)
800 1884 937 1957 repetita
961 1886 1038 1944 sunt
1062 1899 1101 1943 ea
1126 1884 1231 1957 verba,
1257 1883 1290 1943 in
1312 1883 1386 1943 aliis
1411 1885 1525 1945 codici·

339 1998 400 2057 bus
434 1996 528 2056 aliter
563 1998 699 2071 scripta:
735 1997 806 2057 Par.
842 1998 871 2056 A
902 1995 930 2054 κῖ
960 1993 995 2056 δν
1025 2018 1064 2072 ιε,
1095 1997 1173 2058 Ven.
1199 2000 1233 2055 Π
1260 1996 1289 2055 εί
1318 1989 1436 2057 οἷόντε
1462 1995 1523 2075 (eie

339 2112 451 2173 Herm.
473 2109 656 2185 Schmeln.)‚
677 2110 759 2171 Fior.
779 2126 803 2169 x
823 2106 913 2191 ἀκοαε
934 2101 998 2168 οἷόν
1018 2131 1046 2169 ιε
1066 2107 1116 2168 καὶ
1136 2113 1197 2171 οῖο.
1220 2108 1524 2188 (cresudorum,

340 2226 460 2298 Baiter,
492 2224 668 2299 oampbeil,
701 2225 755 2296 qui
783 2225 852 2297 ipse
876 2224 915 2283 ci.
940 2222 969 2281 τί
990 2220 1049 2281 ἐσιι
1071 2220 1121 2281 καὶ
1145 2220 1219 2281 ὅθεν
1243 2220 1366 2302 γέγονε).
1392 2224 1526 2298 Aliquis

343 2340 383 2399 ad
407 2333 424 2397 ὃ
448 2339 662 2399 annotaverat
692 2336 721 2395 τί
751 2336 863 2395 οἴονται
895 2334 943 2395 καὶ
969 2334 1042 2395 ὅθεν
1064 2333 1218 2415 γεγονέναι
1241 2336 1436 2414 δικαιοσύνην
1463 2335 1523 2413 (sic

341 2450 422 2511 Bkk.
454 2452 552 2511 edidit
583 2466 624 2510 ex
656 2452 767 2524 paucis
799 2450 888 2511 codd.
922 2450 1077 2523 probante
1110 2447 1314 2527 Schneidero)
1340 2450 1392 2510 vel
1415 2452 1524 2511 simile

341 2566 427 2640 quid,
459 2580 541 2639 quae
572 2565 670 2625 verba
702 2564 815 2625 deinde
839 2564 993 2624 mutilata
1017 2564 1049 2624 in
1073 2566 1204 2624 textum
1228 2564 1320 2624 illata
1343 2566 1430 2625 sunt.
1455 2564 1522 2640 Ego

342 2686 378 2737 ut
401 2693 440 2738 ea
463 2679 572 2752 spuria
595 2694 667 2738 esee
692 2681 804 2752 putem
827 2694 865 2738 eo
889 2679 1029 2739 adducor
1052 2678 1135 2751 quod
1158 2680 1231 2752 post
1255 2675 1340 2756 ἐρεῖν,
1366 2694 1430 2738 οοο
1448 2683 1524 2752 post

340 2789 430 2851 ἀκουι
461 2793 618 2853 οοΙΙοοοῖο
647 2795 842 2866 oportuerat.
871 2793 1087 2853 Herwerdeno
1111 2794 1279 2867 praeterea
1307 2793 1402 2865 <ο>
1430 2788 1522 2852 ἀκονε

340 2907 360 2966 i.
385 2923 413 2967 ο.
441 2907 634 2984 <ιιηοεαν>
660 2902 750 2965 δίκαιε
781 2907 953 2980 corrigenti
989 2921 1053 2966 non
1090 2907 1253 2967 adversor.
1291 2905 1375 2979 Lege
1407 2905 1523 2965 πλείονι

341 3017 390 3097 (v.
416 3019 474 3096 n),
498 3021 571 3080 vine
594 3020 680 3081 uicta
703 3001 752 3080 au
769 3021 833 3079 330
857 3021 895 3080 A.

194 3135 258 3195 359
285 3131 315 3197 A
382 3133 465 3193 Illud
489 3130 607 3211 (αἱρεῖν)
633 3132 731 3192 δοκεῖν
756 3131 824 3209 (pro
848 3132 938 3209 δοκεῖ,
964 3134 1111 3194 codicum
1135 3131 1222 3209 lect.)
1248 3132 1362 3192 Aetius
1382 3133 1520 3193 coniecit

338 3247 547 3322 probantibus
570 3246 649 3307 solis
672 3246 785 3307 Stallb.
811 3249 844 3306 et
867 3247 1007 3322 Baitero,
1032 3247 1170 3320 optime;
1196 3245 1297 3306 etiem
1321 3247 1386 3306 360
1411 3245 1434 3305 G
1458 3245 1518 3307 ult.

338 3361 534 3434 optimorum
567 3359 656 3420 codd.
687 3359 761 3420 leot.
794 3356 918 3434 ἀδικεῖν,
952 3356 1065 3417 ἀδικεῖν
1089 3361 1121 3420 in
1146 3355 1259 3417 ἀδικεῖν
1284 3354 1383 3416 ἀδικεῖ
1402 3359 1520 3420 deterr.

339 3473 428 3534 codd.
461 3474 640 3532 mutarunt.
671 3473 806 3533 Temere
830 3473 1004 3532 Schneider
1027 3472 1061 3531 in
1087 3471 1348 3548 „Additamentis
1371 3473 1412 3532 ad
1436 3472 1520 3532 Plat.

340 3587 455 3647 divar
487 3587 570 3646 dixit
603 3589 671 3662 „ter
703 3589 814 3647 autem
846 3587 996 3661 deinceps
1027 3587 1153 3660 positus
1178 3583 1383 3664 (infinitivus)
1407 3587 1521 3647 minus

339 3717 475 3762 suavem
507 3703 654 3762 redderet
684 3703 895 3763 orationem.”
923 3737 964 3746 -
989 3702 1194 3776 optimorum
1227 3702 1315 3762 codd.
1344 3701 1521 3763 lectionem

337 3815 436 3876 αύιῶν
467 3815 566 3876 Bekk.
599 3817 669 3877 Ast.
702 3816 849 3877 Schneid.
883 3818 966 3878 Bait.
999 3816 1130 3890 eampo.
1156 3820 1231 3887 (sec.
1256 3815 1368 3876 Herm.
1392 3815 1465 3875 Par.
1491 3817 1521 3875 A

336 3927 435 3988 αύιῖεν
458 3927 604 4007 praebet)
627 3933 713 3990 recte
736 3932 921 4006 probarunt,
946 3932 1026 3990 item
1051 3930 1162 3990 Heller
1186 3927 1271 4005 (Cur.
1298 3928 1374 3989 Orit.
1399 3944 1428 4002 p.
1452 3926 1519 4006 22).

335 4046 455 4105 Parum
486 4046 573 4104 recte
602 4044 712 4104 Herm.
737 4046 771 4104 et
794 4045 952 4105 Schmelz.
978 4043 1077 4104 αύιῶν
1101 4043 1278 4104 ediderunt.
1294 4076 1335 4084 —
1349 4042 1518 4104 Herwerd.

336 4158 410 4236 (Mn.
446 4157 543 4236 1891)
575 4159 613 4218 ci.
646 4153 758 4217 ἀδικῶν
790 4160 823 4218 οῖ
854 4153 1061 4235 ἀδικούμενος,
1091 4158 1222 4233 fortasse
1252 4157 1349 4231 recte,
1382 4170 1460 4215 nam
1486 4159 1521 4216 et

334 4295 377 4344 τις
400 4275 510 4334 mente
533 4273 649 4333 addere
672 4271 758 4332 licet.
773 4303 813 4314 -
830 4272 869 4363 In
891 4273 908 4342 A
932 4272 958 4330 B
980 4272 1039 4332 ult.
1064 4273 1186 4344 corrige
1209 4270 1256 4329 sis
1279 4266 1395 4329 τοιόνδε
1411 4269 1516 4342 <κι>

290 4386 524 4464 θειαύσαιμεν,
553 4386 593 4447 οῖ.
625 4386 711 4446 diota
737 4385 778 4445 ad
802 4386 865 4444 331
891 4385 923 4446 G.
951 4387 967 4456 ii
992 4386 1092 4446 Recte
1116 4384 1229 4446 Stallb.
1255 4379 1368 4460 (1858)
1394 4397 1421 4442 ο.
1447 4383 1518 4444 reii-

371 4628 390 4691 ¹)
407 4631 519 4678 Verbum
537 4633 599 4678 rozir
616 4632 699 4680 omitti
717 4644 767 4677 non
785 4631 859 4686 solet,
878 4633 910 4676 of.
930 4632 998 4678 Orat.
1017 4633 1066 4680 384
1075 4633 1105 4689 B,
1125 4633 1201 4690 Gorg.
1221 4631 1269 4677 448
1280 4631 1311 4688 D,
1329 4630 1387 4677 elia.
