3417 5175
904 368 966 426 134

340 553 510 629 Galenum,
541 554 673 628 optime.
705 554 806 615 Paulo
837 556 914 613 ante
944 554 1089 627 praestat
1120 549 1182 629 μὴν
1205 566 1262 627 pro
1285 548 1338 629 μὲν
1363 552 1526 625 corrigere

339 682 366 727 o.
397 667 573 727 Richardso
604 666 718 738 (class.
750 667 830 727 Rev.
865 666 972 742 1883),
1003 666 1059 740 qui
1088 685 1118 725 τε
1140 665 1175 725 in
1197 686 1230 744 γε
1253 667 1340 726 reete
1364 667 1523 727 mutavit.

340 782 415 842 Mox
433 781 519 841 idern
542 781 587 842 l.l.
612 778 750 858 ἀπεδόθη
772 797 829 856 pro
853 778 948 858 ἐδόθη
969 780 1113 857 requirit,
1131 781 1219 841 reete
1238 779 1359 856 opinor,
1381 794 1459 839 nam
1484 792 1527 839 ea

341 908 424 965 quae
446 893 612 969 debentur,
635 890 838 953 ἀποδίδοσθαι
861 894 1163 955 dicuntur.1n457
1185 894 1214 967 A
1235 890 1526 955 Stobaeusdrrodo-

340 1002 407 1064 τέον
429 1020 486 1080 pro
508 1002 611 1064 δοτέον
633 1009 721 1068 reete
743 1006 899 1067 servavit.
926 1040 968 1047 -
992 1005 1074 1067 Puto
1093 1003 1175 1085 παρὰ
1193 1003 1226 1066 τδ
1246 1003 1319 1078 ἔθος
1341 1004 1526 1080 significare

344 1120 511 1194 ,respectu
531 1120 805 1195 consuetudinis”‚
826 1134 891 1179 κοκ
915 1120 1045 1194 ,contra
1065 1119 1357 1180 consuetudinem”
1376 1120 1414 1178 ut
1428 1118 1526 1191 vulgo

345 1233 486 1293 vertunt.
517 1231 588 1290 V⁸¹¹¹
611 1232 637 1292 L
659 1231 836 1312 πεπράξεται
859 1233 946 1307 prob.
971 1232 1051 1293 Bkk.
1076 1233 1139 1292 Aet
1162 1232 1301 1294 dobetus
1325 1234 1414 1300 (nota
1437 1236 1525 1308 ms),

290 1340 378 1405 Bat
410 1345 443 1405 in
478 1345 543 1408 458
578 1346 605 1405 D
636 1347 774 1407 ooourrit
796 1341 925 1418 άξονται.
959 1337 978 1428 ΙΙ
1010 1347 1109 1408 Reoto
1133 1346 1298 1407 Herwerd.
1325 1346 1399 1417 (idn.
1427 1346 1525 1416 1883)

341 1460 542 1533 transposuit
564 1456 613 1518 κα)
636 1457 687 1530 τὰς
710 1456 770 1537 ἤδη
790 1456 1000 1538 πρεσβυτέρας,
1019 1460 1096 1521 lieet
1111 1460 1344 1534 improbaverit
1358 1459 1526 1534 oampbell

342 1571 422 1641 (Vol.
447 1573 479 1631 Π
497 1587 527 1646 p.
548 1574 612 1632 252
633 1575 714 1646 Silo)
735 1572 807 1633 ooll.
828 1571 931 1633 531E
951 1566 1016 1631 ἀλλ’
1041 1569 1101 1650 ἤδη
1120 1576 1170 1631 κτλ
1191 1573 1255 1644 (ubi
1275 1572 1313 1633 V.
1334 1573 1370 1633 L.
1391 1568 1465 1631 ἀλλὰ
1485 1568 1525 1647 δὴ

342 1685 382 1745 ab
406 1685 498 1745 Aetio
522 1688 609 1747 rooto
633 1688 782 1761 recepta),
804 1687 867 1747 391
889 1687 915 1746 D
936 1681 1079 1765 ὥρμησαν
1100 1685 1194 1758 οὕτως
1207 1683 1366 1757 tridente
1379 1681 1526 1764 ἁρπαγάς,

344 1797 409 1857 590
443 1797 472 1856 Α
505 1796 582 1856 πολὺ
614 1794 662 1857 ἐπὶ
693 1795 846 1882 δεινοτέρῳ
870 1794 995 1882 ὀλέθρῳ,
1017 1800 1185 1860 Demosth.
1211 1798 1323 1860 Coron.
1348 1796 1368 1874 ξ
1395 1798 1459 1858 288
1484 1795 1525 1870 ὡς

342 1905 409 1990 παρ’
433 1909 608 1995 οἰκειοτάτῳ.
629 1912 724 1985 Fugit
743 1913 856 1972 autem
881 1912 1108 1973 doctissimum
1129 1912 1286 1973 editorem
1298 1912 1523 1972 Britannicum

341 2024 493 2085 adverbia
515 2024 564 2085 sio
581 2024 717 2084 distrahi
736 2025 833 2085 solita
844 2025 947 2086 fuisse
959 2041 1000 2086 no
1012 2025 1268 2101 praepositiones
1280 2027 1356 2085 ante
1368 2025 1525 2086 adverbia

341 2137 582 2213 collocarentur,
615 2138 655 2197 of.
684 2138 800 2199 Herod.
825 2139 858 2197 Π
882 2140 922 2199 27
947 2136 1040 2217 κάρτα
1063 2135 1123 2198 ἀπὸ
1143 2143 1265 2217 θερμῶν
1288 2134 1414 2217 χωρέων.
1442 2137 1524 2199 Oum

342 2266 417 2311 vero
449 2250 501 2310 hio
531 2251 621 2312 nulla
648 2251 842 2325 praepositio
867 2252 962 2327 adsit,
986 2252 1052 2312 tale
1076 2252 1277 2327 hyperbaton
1302 2251 1377 2313 ferri
1402 2252 1524 2325 nequit.

342 2364 447 2424 Mendi
477 2365 565 2438 origo
596 2380 635 2424 ex
668 2365 797 2425 Eusebii
827 2365 964 2426 lectione
988 2359 1060 2435 (ἀλλ’
1088 2362 1148 2443 ἤδη
1170 2362 1221 2425 καὶ
1241 2362 1450 2445 πρεσβυτέρας)
1475 2380 1524 2426 oo-

341 2477 524 2551 gnosoitnr:
555 2478 743 2538 exciderant
773 2479 862 2539 enim
889 2480 1018 2553 propter
1041 2479 1324 2540 homoeoteleuton
1348 2479 1447 2540 verba
1471 2474 1525 2549 τάς

342 2588 412 2669 ἤδη,
444 2592 558 2652 deinde
592 2589 651 2669 ἤδη
683 2606 779 2667 super
810 2591 860 2652 ια)
892 2595 1050 2669 seriptum
1082 2595 1141 2654 est.
1175 2627 1215 2638 —
1250 2594 1324 2654 Mox
1358 2593 1523 2655 Herwerd.

342 2704 416 2776 (Mn.
451 2705 545 2776 1891)
578 2706 675 2767 verba
706 2703 738 2765 tv
768 2711 829 2778 τοῖς
860 2706 1036 2787 γυμνασίοις
1067 2708 1155 2768 reete
1186 2708 1366 2782 expunxit;
1393 2709 1526 2768 estant

340 2797 681 2894 interpretamentum
699 2820 739 2880 ad
770 2817 802 2879 ἐν
824 2824 888 2892 ταῖς
911 2819 1104 2900 παλαίστραις
1133 2823 1191 2882 aut
1214 2820 1380 2882 infloetum
1404 2821 1524 2881 addita·

295 2927 501 2995 Omentum.
527 2923 547 3016 ΙΙ
571 2934 787 2994 Herwerdeno
815 2934 888 3004 (Mn.
916 2934 1012 3004 1883)
1036 2949 1092 3009 pro
1115 2931 1151 2992 τά
1174 2931 1274 2992 αὐτῶν
1297 2932 1434 3011 πράττειν
1462 2934 1525 3000 (hio

340 3047 455 3123 positis
496 3062 552 3121 pro
594 3044 630 3104 τά
672 3044 799 3106 εἰωθότα
845 3049 905 3123 πρ.)
943 3047 1119 3120 requirenti
1154 3044 1189 3105 τά
1224 3053 1346 3106 τοιαῦτα
1381 3045 1525 3106 σκώπτειν

340 3165 377 3232 (s.
401 3160 565 3245 κωμῳδεῖν)
589 3161 641 3222 vol
665 3161 773 3221 similo
797 3162 883 3235 quid,
907 3176 971 3222 nou
995 3162 1156 3222 assentior
1182 3177 1223 3222 ne
1244 3161 1415 3232 (iaoetusi)
1435 3160 1526 3220 iocus

340 3277 461 3350 pereat.
499 3275 778 3352 Quemadmodum
814 3276 902 3335 enim
936 3275 1090 3354 κεραμεύς,
1124 3275 1153 3334 si
1186 3273 1222 3334 τὰ
1256 3272 1363 3334 ἑαυτοῦ
1397 3272 1526 3352 πράττει,

340 3388 504 3467 κεραμεύει,
527 3389 574 3449 sio
597 3384 613 3448 ὁ
634 3387 787 3464 σκώπτων,
810 3389 838 3448 si
859 3387 994 3465 σκώπτει,
1013 3389 1075 3449 dici
1097 3390 1205 3462 potest
1224 3385 1260 3446 τὰ
1279 3363 1376 3447 αὑτοῦ
1389 3386 1526 3465 πράττειν

341 3506 450 3572 (sensu
481 3502 667 3571 Platonico).
700 3502 733 3562 81
760 3504 872 3562 autem
897 3504 1010 3562 textus
1034 3504 1204 3576 corruptus
1228 3503 1289 3578 est,
1317 3500 1526 3562 Herwerdeni
1572 3492 1576 3501 “

341 3617 375 3675 0⁸
407 3615 495 3675 iusto
529 3614 680 3675 audacior
710 3615 878 3687 multoque
910 3615 1013 3676 lenior
1042 3615 1198 3675 oorreotio
1228 3615 1269 3676 ad
1300 3629 1436 3675 manum
1462 3615 1525 3689 est,

341 3743 459 3802 nempe
495 3724 559 3803 [μὴ]
595 3724 631 3785 τὰ
664 3725 764 3786 αὑτῶν
797 3726 935 3805 πράττειν
964 3723 1072 3786 “AMA
1088 3721 1108 3799 ¹)
1142 3726 1342 3799 [σπουδάζειν]
1375 3724 1425 3786 καλ
1458 3730 1528 3801 κτλ,

341 3843 452 3916 itaque
476 3839 580 3901 eidem
604 3840 827 3914 interpolatori
846 3839 1025 3912 σπουδάζειν
1046 3841 1223 3926 debebitur,
1246 3841 1297 3902 oui
1318 3855 1417 3915 supra
1429 3839 1528 3900 verba

341 3954 373 4017 ἐν
407 3959 468 4026 τοῖς
501 3952 685 4033 γυμνασίοις.
721 3987 765 3995 -
797 3953 897 4015 Roote
928 3954 1093 4015 Herwerd.
1127 3955 1201 4024 (Mn.
1235 3954 1330 4024 1881)
1363 3968 1442 4014 corr.
1466 3961 1527 4011 τῶν

344 4069 570 4144 <τυιυάταν>
593 4066 776 4148 γυμνασίαν,
794 4069 879 4141 quod
899 4069 1004 4142 magis
1028 4069 1227 4143 probandum
1244 4083 1344 4141 quam
1357 4066 1529 4128 Richardsi

341 4193 400 4243 τῶν
439 4183 639 4263 <γνμνῶν>
677 4186 852 4261 γυμνασίων
885 4181 967 4252 (ooll.
999 4182 1090 4243 Pind.
1122 4182 1217 4256 Pyth.
1252 4182 1303 4256 ll,
1339 4182 1379 4240 73
1410 4176 1529 4258 γυμνὸν

290 4305 316 4367 ι)
343 4298 486 4374 στάδιον),
530 4297 614 4370 quod
649 4297 749 4357 nimis
783 4295 957 4370 poetioum.
982 4287 1002 4379 ΙΙ
1027 4295 1132 4356 Verba
1167 4293 1210 4354 ὅτι
1245 4293 1368 4371 μάταιος
1381 4337 1527 4351 ........

260 4401 264 4406 ’
341 4410 394 4471 τδν
416 4419 470 4470 τοῦ
494 4407 616 4489 ἀγαθοῦ
639 4410 750 4485 prooul
773 4409 869 4470 dubio
893 4411 1043 4484 corrupta
1065 4410 1099 4470 et
1121 4407 1316 4483 interpolata
1339 4411 1427 4483 sunt,
1450 4421 1529 4466 cum

378 4653 399 4719 ¹)
417 4658 567 4704 Soxoontioo
583 4670 624 4716 ap.
642 4657 777 4704 Platonem
793 4671 818 4702 τι
837 4679 868 4688 -
887 4656 937 4714 ἅμα
955 4656 994 4701 noi
1012 4653 1126 4703 obvium.
