3417 5175
760 415 822 463 xm

203 603 378 648 numerum
408 590 564 666 adhibuit,
595 604 676 663 quos
707 591 887 650 describere
915 590 1134 664 supersedisse
1159 590 1251 649 valde
1275 591 1377 650 dolen-

202 704 283 762 dum
307 705 374 777 est;
399 707 452 763 sat
479 703 584 763 multa
606 706 718 764 tamen
738 705 903 764 declarant
923 718 1034 763 eorum
1053 703 1233 763 maximam
1253 707 1377 778 partem

202 831 269 875 non
292 818 434 891 optimae
458 821 554 880 notae
578 819 689 878 fuisse.
722 818 857 878 Multam
889 832 1020 891 operam
1044 832 1079 875 se
1103 820 1135 876 in
1160 818 1298 878 editione
1321 833 1380 877 sua

201 932 345 1004 paranda
386 932 534 1005 posuisse
574 932 707 991 candide
741 933 773 990 in
809 932 933 991 monito
967 931 1008 990 ad
1046 930 1201 990 lectorem
1239 932 1381 990 testatur

206 1047 264 1118 ,ut
295 1046 440 1119 autem'',
472 1046 586 1126 inquit,
622 1045 783 1119 ,Graecus
814 1047 986 1105 contextus
1009 1044 1105 1104 sicuti
1130 1044 1223 1117 volgo
1248 1047 1380 1104 vocatur

202 1173 303 1231 quam
333 1157 403 1219 fieri
430 1160 541 1232 posset
563 1158 852 1217 emendatissimus
876 1159 1032 1233 ederetur,
1062 1173 1125 1216 non
1149 1171 1281 1216 omnem
1304 1157 1377 1231 lapi-

201 1272 289 1346 dem,
309 1272 367 1331 sed
386 1272 496 1332 omnia
513 1271 780 1332 bibliothecarum
805 1269 857 1347 (ad
878 1286 959 1343 quae
980 1272 1088 1331 aditus
1109 1268 1224 1345 patuit)
1245 1286 1380 1330 scamna

201 1384 323 1458 partim
354 1385 423 1458 ipse
452 1363 552 1457 movi,
581 1384 698 1457 partim
723 1386 884 1443 movenda
910 1385 1053 1449 curavi.”
1078 1384 1141 1444 Ubi
1165 1383 1289 1444 codices
1312 1383 1379 1443 nul·

202 1498 273 1557 lum
309 1497 468 1557 auxilium
504 1498 709 1573 praebebant,
741 1499 781 1556 ad
813 1500 1032 1558 coniecturam
1064 1513 1202 1570 eamque
1225 1497 1290 1556 iere
1314 1511 1379 1556 non

202 1611 361 1671 audacem
396 1611 541 1683 refugere
576 1626 639 1670 non
675 1611 908 1686 reformidavit,
940 1613 991 1671 hic
1021 1612 1086 1671 illic
1118 1610 1285 1683 vulgatam
1316 1625 1380 1671 non

201 1723 328 1782 monito
350 1722 469 1783 lectore
493 1725 636 1783 mutans.
660 1723 762 1783 Notae
785 1726 857 1783 eius
876 1725 1008 1784 editioni
1029 1725 1172 1784 adiectae
1193 1725 1380 1784 etiamnunc

202 1851 286 1909 quae
309 1837 556 1911 perpendantur,
580 1838 790 1909 dignissimae
814 1839 900 1898 sunt.

113 1932 178 1999 Ast
248 1950 337 2009 Duas
360 1952 481 2009 Aemus
506 1949 655 2010 Civitatis
675 1952 832 2010 editiones
852 1952 1080 2011 memorabiles
1100 1951 1293 2024 procuravit.
1319 1950 1378 2008 Ha·

203 2078 279 2121 rum
301 2064 386 2137 prior
409 2061 498 2138 (anni
524 2062 632 2140 1814),
656 2065 719 2123 etsi
742 2064 904 2137 permulta
918 2098 958 2109 -
971 2080 1048 2124 nam
1068 2065 1177 2138 potius
1196 2063 1381 2123 coniectura

205 2191 304 2248 quam
327 2177 473 2236 codicum
493 2192 552 2251 ope
572 2177 825 2251 Stephanianam
849 2177 1024 2237 editionem
1049 2177 1220 2237 emendare
1244 2178 1380 2237 conatus

205 2291 257 2349 est
277 2323 318 2331 -
338 2305 421 2362 quae
452 2290 547 2363 longa
578 2290 647 2350 dies
671 2290 866 2363 improbavit
890 2291 1043 2365 continet,
1067 2292 1180 2350 tamen
1200 2290 1380 2351 innumeris

205 2402 284 2464 locis
299 2385 437 2463 certam
457 2403 619 2463 medelam
639 2404 774 2465 Politiae
798 2404 910 2463 attulit
932 2406 1044 2476 totque
1068 2404 1206 2477 egregiis
1230 2384 1389 2478 euspicio!

205 2517 300 2575 nibus
330 2517 472 2575 abundat
502 2518 539 2575 ut
572 2532 629 2576 eas
658 2518 807 2592 religiose
839 2517 1028 2577 examinare
1052 2518 1085 2576 et
1107 2518 1336 2577 commendare
1352 2516 1380 2575 si

206 2632 264 2690 bac
295 2630 366 2690 luce
397 2631 478 2689 mihi
509 2631 623 2704 dignae
657 2632 850 2706 viderentur,
879 2647 943 2692 non
968 2632 1193 2692 dubitaverim.
1217 2633 1253 2691 In
1278 2632 1382 2692 altera

206 2741 294 2820 (anni
330 2743 427 2820 1822)
463 2744 602 2805 editione
637 2745 821 2805 adornanda
855 2745 970 2805 Astius
1001 2746 1100 2820 copiis
1131 2759 1213 2818 quas
1244 2745 1381 2805 Beirkeri

205 2856 405 2917 admirabilis
445 2857 605 2917 industria
647 2860 893 2932 comparaverat
927 2874 1007 2918 usus
1042 2858 1214 2919 nonnullos
1249 2859 1381 2931 quidem

205 2986 329 3030 errores
363 2971 396 3029 in
427 2970 531 3044 priore
562 2971 701 3030 editione
729 2970 924 3031 commissos
956 2972 1024 3044 ipse
1056 2972 1191 3030 sustulit
1214 2986 1380 3052 novasque

204 3084 327 3155 aliquot
360 3084 561 3157 suspiciones
595 3083 726 3158 addidit,
762 3084 819 3143 sed
851 3084 922 3143 eius
951 3084 1060 3143 iudicii
1092 3083 1256 3143 subtilitas
1287 3083 1381 3155 quasi

107 3214 110 3219 ·
204 3197 328 3270 ingenti
358 3210 516 3256 novarum
547 3195 723 3255 lectionum
748 3196 833 3255 mole
858 3211 1010 3269 oppressa
1033 3195 1201 3270 paululum
1225 3204 1382 3272 ναρκῆσαι,

204 3315 241 3370 ut
265 3311 429 3371 Platonico
449 3310 546 3370 verbo
566 3311 649 3384 utar,
670 3310 751 3368 mihi
773 3310 844 3369 visa
864 3311 924 3370 est.
945 3309 1090 3382 Utraque
1110 3312 1222 3370 tamen
1241 3310 1380 3369 editione

205 3424 355 3484 Civitatis
377 3428 490 3486 textus
513 3427 713 3485 immensum
738 3428 899 3498 quantum
923 3426 1095 3499 provectus
1119 3424 1179 3483 est.

75 3524 181 3592 Bekk.
250 3538 401 3598 Burnum
424 3540 463 3598 de
487 3539 625 3599 diritate
649 3540 772 3619 edenda
795 3539 913 3599 merita
936 3538 1003 3598 fere
1027 3537 1120 3597 unice
1145 3537 1265 3597 eximio
1289 3551 1380 3610 appa·

204 3654 278 3710 ratu
313 3653 423 3712 critico
458 3653 672 3712 continentur.
709 3653 914 3713 Festinanter
949 3651 1036 3711 enim
1072 3651 1217 3710 Platonis
1251 3651 1381 3709 textum

205 3779 247 3823 ex
278 3765 445 3825 duodecim
477 3766 639 3826 codicibus
671 3763 712 3842 (Α
727 3766 790 3824 ΘΙ)
803 3767 837 3822 Π
846 3767 875 3822 Κ
890 3767 918 3822 Φ
929 3768 940 3824 t
952 3778 980 3825 ro
993 3779 1006 3823 r
1021 3761 1076 3837 sq
1087 3761 1127 3839 o),
1158 3778 1240 3836 quos
1275 3765 1381 3824 contu·

204 3877 297 3953 ierat,
329 3879 498 3939 constituit
528 3895 591 3939 non
618 3894 747 3953 semper
772 3878 912 3953 optimos
936 3878 1034 3938 duces
1059 3876 1098 3954 (A
1124 3881 1157 3937 et
1180 3875 1224 3953 Π)
1249 3876 1381 3948 eligere,
1425 3953 1426 3956 Ἴ

203 3992 261 4051 sed
284 3993 477 4067 interpolato
501 3994 623 4054 Monac.
648 4009 668 4066 q
689 3994 820 4053 incaute
842 4008 932 4052 usus.

59 4087 180 4160 stallo.
250 4106 506 4166 Susannanurus
541 4081 734 4166 editionibus
765 4107 860 4166 annis
892 4107 976 4166 1829
1000 4109 1033 4165 et
1059 4106 1143 4165 1850
1168 4099 1190 4180 ¹)
1214 4105 1247 4162 in
1274 4102 1381 4161 lucem

203 4220 335 4279 emissis
366 4234 428 4279 non
457 4219 543 4279 male
567 4219 606 4279 de
630 4220 745 4279 Politia
770 4221 908 4279 meritus
932 4223 982 4279 est
1005 4219 1120 4292 quippe
1144 4217 1227 4290 quod
1251 4230 1315 4275 non
1339 4248 1380 4256 -

203 4335 240 4393 ut
269 4335 382 4407 postea
412 4334 592 4394 Hermanni
624 4334 773 4408 exemplo
805 4335 965 4394 adductus
996 4334 1029 4393 in
1059 4333 1134 4392 edit.
1159 4331 1206 4389 IIr
1235 4329 1382 4390 Gothaua

204 4447 419 4520 comparanda
441 4446 519 4506 fecit
544 4480 584 4489 -
608 4449 733 4507 temere
757 4448 919 4508 codicibus
942 4445 1040 4507 fidem
1063 4445 1186 4521 habuit,
1206 4444 1263 4503 sed
1283 4458 1381 4504 sanas

237 4699 255 4761 ¹)
274 4704 359 4753 Editio
376 4706 522 4765 stereotypa
540 4698 625 4769 (1867,
644 4705 708 4752 rats
726 4701 855 4771 repetitu).
