3417 5175
745 410 787 469 29

167 598 369 673 superlativo
394 598 489 657 modo
512 613 587 657 cum
612 597 753 673 nomine,
774 599 870 657 modo
892 598 961 658 sine
981 599 1111 660 nomine
1131 602 1345 675 usurpantur:

167 713 201 772 si
223 728 340 773 nornen
364 712 535 788 omissum,
559 714 632 771 tum
652 708 771 790 ἁνὰρών
791 713 903 772 mente
923 712 1064 786 suppleri
1085 715 1221 789 oportet,
1243 715 1290 774 ita
1310 716 1346 774 ut

168 818 195 885 ὦ
226 823 376 900 σοφώτατε
407 824 568 900 significet
602 841 639 901 ,o
667 826 813 886 omnium
837 826 1085 901 doctissimam
1110 841 1209 899 quum
1234 829 1345 887 autem

171 940 322 1000 Socrates
349 940 381 1000 id
405 955 479 1000 cum
503 940 571 999 risu
595 940 691 1014 dicat,
713 940 811 1000 verba
830 931 853 997 ὦ
874 938 1024 1014 σοφώτατε
1043 940 1110 1000 iere
1129 941 1215 1001 idem
1239 942 1349 1002 valent

170 1054 270 1125 atque
301 1044 324 1111 ἁ
355 1048 478 1129 ἁνώνχτες
510 1056 545 1113 at
575 1068 639 1113 non
669 1053 753 1113 solet
784 1053 933 1114 Socrates
963 1053 1049 1114 sicut
1070 1054 1344 1131 Thrasymachus,

170 1166 280 1240 Polus,
315 1166 381 1240 alii,
417 1167 620 1227 adversarios
655 1181 733 1226 suos
764 1167 919 1227 conviciis
950 1167 1129 1228 consectari
1160 1182 1264 1241 neque
1296 1169 1348 1229 hic

169 1280 269 1353 igitur
299 1279 331 1339 id
362 1279 478 1340 fecisse
508 1280 672 1354 putandus
704 1282 772 1354 est;
806 1313 844 1321 -
878 1281 928 1340 sin
958 1295 1033 1340 vero
1057 1282 1346 1342 nomen·additum

169 1394 231 1467 est,
266 1392 484 1467 superlativus
517 1395 646 1453 tantum
679 1396 777 1467 auget
807 1394 876 1453 vim
907 1394 1025 1466 gradus
1058 1395 1198 1470 positivi,
1232 1395 1279 1455 ita
1310 1399 1347 1455 ut

169 1496 194 1563 ὦ
229 1505 380 1580 σοφώτατε
412 1506 587 1584 Θρασύμαχε
618 1508 810 1568 vertendum
842 1507 886 1566 sit
916 1507 1029 1567 Latine
1065 1523 1102 1583 ,ο
1135 1509 1227 1569 valde
1255 1509 1348 1569 docte

117 1631 120 1635 ·
169 1619 298 1695 Thal’,
330 1620 414 1693 quod
445 1621 474 1680 si
504 1621 623 1682 ironice
655 1621 704 1692 (ci.
740 1623 803 1681 337
817 1622 856 1692 Α)
889 1622 1011 1682 dictum
1038 1623 1098 1695 est,
1123 1622 1212 1682 valet
1239 1637 1276 1697 ,o
1299 1624 1346 1696 tu,

170 1732 225 1805 qui
255 1733 366 1793 minus
396 1733 483 1808 sapis
515 1748 615 1806 quam
646 1734 740 1808 volgo
771 1734 913 1794 rideris’'
944 1737 1095 1795 nectam
1121 1736 1274 1796 acerbum
1298 1737 1349 1795 est

170 1861 270 1919 quam
294 1846 372 1907 illud
396 1838 419 1906 ὦ
443 1846 603 1922 σοφώτατε.

18 1956 83 2014 340
115 1951 147 2017 Α
214 1960 320 2021 Verba
354 1958 414 2019 ὑττὸ
448 1969 507 2021 τών
541 1958 692 2040 ἀρχόντων
726 1963 835 2037 spuria
867 1964 954 2024 sunt.
987 1964 1133 2023 Primum
1166 1978 1246 2037 opus
1278 1965 1348 2023 erat

172 2070 289 2147 <τὰ>
323 2071 383 2133 tat
414 2083 472 2134 τῶν
503 2072 662 2154 ἀρχόντων,
692 2076 806 2135 deinde
837 2076 942 2137 alieno
975 2077 1044 2137 loco
1066 2078 1189 2138 inserta
1213 2079 1290 2138 sunt
1314 2081 1347 2137 et

169 2186 263 2259 plane
292 2186 421 2261 frigent.
453 2189 527 2249 Mox
558 2188 662 2249 multo
693 2189 814 2249 rectius
837 2204 937 2262 quam
961 2189 1072 2251 Stallb.
1097 2190 1205 2260 (1850)
1230 2190 1345 2263 reliqui

168 2300 259 2361 editt.
305 2302 586 2378 interpunxerunt,
629 2305 703 2377 post
746 2302 886 2362 alterum
927 2300 1011 2361 ἔθετο
1056 2306 1212 2377 punctum
1249 2302 1346 2364 finale

124 2412 147 2478 (l
169 2416 336 2486 ponentes.
362 2407 381 2498 ΙΙ
406 2415 534 2490 Optime
555 2417 719 2491 (probante
740 2415 873 2486 Wohlr.)
896 2417 935 2477 H.
950 2418 1063 2478 Bonita
1075 2418 1184 2488 (Zeita.
1198 2418 1218 2477 f.
1231 2421 1344 2479 osterr.

168 2543 280 2603 gymn.
309 2530 404 2601 1865)
429 2545 580 2592 mancam
606 2545 678 2591 esse
703 2530 882 2591 orationem
906 2530 939 2590 in
965 2531 1070 2592 verbis
1090 2539 1176 2592 τοῦτο
1197 2523 1235 2611 ἦν
1256 2527 1344 2594 a...

168 2639 221 2701 ἐών
243 2664 273 2702 τε
296 2641 336 2720 μὴ
359 2645 532 2722 intellexit,
556 2648 591 2706 at
614 2646 776 2706 coniciens
799 2643 831 2704 τὸ
855 2643 973 2704 δίκαιον
999 2647 1029 2720 [,]
1054 2644 1086 2704 τὸ
1109 2654 1162 2705 τοῦ
1182 2646 1346 2725 κρείττονος

169 2755 331 2836 ξυμφέρον,
356 2756 430 2831 <τὸ
453 2756 646 2837 ξαμφέρον>
673 2758 785 2818 δοκοῦν
808 2762 858 2816 κτλ
881 2774 997 2834 parum
1021 2763 1157 2821 venuste
1179 2760 1345 2822 Socratem

168 2871 354 2944 loquentem
385 2873 471 2933 fecit.
504 2873 581 2932 Mihi
609 2873 720 2932 omnia
749 2888 830 2934 sana
864 2873 1013 2933 videntur
1051 2874 1128 2950 iore,
1165 2875 1191 2933 si
1229 2875 1346 2949 legeris

116 2983 198 3046 ὓτὸ
234 2983 360 3061 δίκαιον,
393 2982 426 3044 τὸ
462 2990 526 3058 [τοῦ
559 2986 734 3065 κρείττονος]
769 2982 922 3064 ξυμφέρον
955 2985 1066 3046 δοκοῦν
1098 2992 1155 3047 κτλ.
1189 2980 1209 3072 ΙΙ
1240 2991 1346 3052 Verba

167 3098 229 3158 τότε
264 3097 335 3158 ὅταν
369 3095 533 3182 ἁμαρτάνῃ,
566 3097 640 3158 κατὰ
670 3099 781 3175 ταύτην
813 3096 867 3174 τὴν
900 3095 1046 3177 ἁμαρτίαν
1078 3105 1227 3177 corrupta
1258 3108 1345 3181 sunt,

166 3215 309 3288 primum
345 3214 516 3274 dicendum
550 3216 621 3273 erat
654 3207 713 3272 κατ’
749 3210 843 3288 αὐτὴν
876 3210 930 3289 τὴν
962 3209 1118 3291 ἁμαρτίαν,
1150 3217 1263 3278 deinde
1294 3218 1344 3277 bis

166 3328 255 3388 idem
288 3328 414 3388 dicitur.
451 3328 648 3403 praepositio
678 3323 754 3385 κατὰ
785 3327 928 3388 insiticia
960 3329 1010 3387 est
1042 3331 1074 3388 et
1105 3328 1196 3389 illata
1220 3332 1282 3392 fuit
1305 3333 1344 3392 ab

167 3442 286 3518 aliquo,
316 3442 370 3514 qui
402 3455 465 3501 non
496 3441 702 3502 intellexerat
733 3442 854 3502 Graece
886 3441 949 3501 dici
976 3457 1072 3517 posse
1097 3439 1167 3501 ὅταν
1191 3440 1345 3528 ἁμαρτάνῃ

166 3553 279 3631 ταύτην
309 3552 363 3631 τὴν
394 3551 547 3634 ἁμαρτίαν.
572 3555 646 3616 lliox
670 3555 796 3616 Bekker
819 3558 907 3617 recte
931 3551 1053 3634 λέγομεν
1080 3552 1217 3633 <μὲν>
1244 3561 1345 3634 requi·

117 3670 269 3737 iurabat.
304 3665 323 3746 ll
359 3670 471 3732 Stallb.
506 3671 615 3742 (1858)
651 3673 683 3731 et
718 3671 828 3732 Heller
864 3669 947 3741 (itur.
985 3670 1055 3731 crit.
1091 3686 1121 3745 p.
1159 3674 1189 3743 3)
1224 3673 1295 3730 Vam
1322 3675 1346 3734 L

167 3781 375 3861 ἐπιλειπούσης
394 3784 570 3860 probarunt
588 3789 663 3856 (κοκ
683 3785 782 3846 ceteri
801 3785 915 3860 editt),
933 3786 1020 3844 recte
1032 3785 1067 3844 ni
1078 3784 1189 3847 fallor:
1204 3788 1346 3848 aoristus

167 3913 313 3975 causam,
344 3915 498 3974 praesens
521 3900 739 3960 conditionem
762 3897 845 3974 (τότε,
868 3895 914 3957 ὅτε
938 3895 1088 3970 ἐπιλείπει)
1113 3899 1243 3963 indicat.
1268 3902 1346 3960 Post

166 4026 271 4085 pauca
304 4013 427 4085 corrige
461 4013 509 4072 sis
543 4010 678 4071 τοιοῦτόν
714 4012 837 4088 <τι>,
873 4011 933 4072 vid.
966 4011 1053 4072 dicta
1085 4014 1125 4074 ad
1157 4015 1218 4074 331
1245 4013 1277 4074 O.
1304 4047 1342 4055 -

167 4127 352 4187 Secundum
377 4141 425 4202 ea,
450 4142 531 4200 quac
553 4127 692 4187 cooetus
711 4127 744 4185 in
766 4127 828 4186 llin.
852 4127 938 4186 1860
958 4142 989 4200 p.
1012 4127 1143 4188 sol-8
1156 4127 1343 4201 disputavit,

165 4240 219 4300 hic
253 4238 349 4317 νυνδὴ
384 4241 557 4314 legendum
588 4244 648 4301 est.
682 4241 769 4317 Quae
799 4241 933 4300 Photius
967 4241 1109 4315 tradidit,
1138 4255 1177 4300 ea
1199 4255 1219 4298 a
1241 4240 1345 4299 doctis

165 4355 402 4431 grammaticis,
434 4355 548 4428 quales
575 4355 729 4430 Boethus,
755 4354 944 4430 Pausanias,
969 4355 1024 4415 alii
1050 4355 1148 4428 fuere,
1173 4354 1345 4412 mutuatus

166 4470 228 4542 est,
263 4469 318 4541 qui
352 4483 413 4528 sua
448 4468 517 4528 vico
552 4467 846 4527 Alexandrinorum
882 4468 982 4542 copiis
1018 4467 1068 4527 usi
1103 4468 1203 4526 orant.
1239 4465 1345 4526 Photii

165 4584 266 4657 igitur
296 4596 394 4658 opera
424 4582 632 4657 perantiquae
663 4581 827 4641 doctrinae
860 4579 1014 4653 reliquiae
1046 4579 1086 4639 ad
1112 4594 1171 4639 nos
1196 4594 1344 4653 pervene.

166 4698 253 4772 runt,
285 4697 402 4770 quibus
433 4712 496 4756 non
529 4699 653 4757 temere
684 4694 783 4756 fidem
814 4696 969 4768 abrogare
991 4693 1077 4754 licet.
1103 4693 1208 4769 Quum
1233 4696 1345 4755 autem
