3417 5175
769 342 809 402 33

198 514 260 607 est,
288 546 352 591 non
375 545 507 591 necesse
531 532 583 591 est
605 546 668 592 nos·
688 532 804 592 statim
827 533 867 592 de
891 547 1080 606 praegresso
1103 529 1136 590 vd
1159 541 1198 614 τῷ
1222 528 1374 617 ἀρχομένω

198 660 243 706 so.
268 640 420 723 ξυμφέρον
444 644 595 721 cogitare,
620 645 660 707 cf.
685 645 787 705 arel}
811 643 853 716 (τὸ
878 642 1035 706 ἐκείνου
1059 642 1211 723 ξυμφέρον
1234 649 1302 715 κτλ).

45 751 110 809 343
143 741 175 807 A
245 757 306 818 Pro
330 756 359 816 τί
381 756 447 829 δωί;
471 758 529 828 (sic
552 758 692 819 Florent.
718 756 757 828 ω’)
784 759 883 819 ceteri
907 759 997 819 editt.
1023 773 1137 819 omnes
1160 757 1189 817 τί
1209 754 1242 817 δέ
1265 758 1374 831 (vulg.)

200 871 377 932 ediderunt.
401 871 447 931 De
471 871 586 931 vocula
610 868 660 930 dol
683 874 818 945 egerunt
842 872 953 933 Heller
974 871 1076 942 (curis
1097 872 1180 941 crit.)
1198 873 1231 931 et
1252 871 1376 933 Schanz

200 983 291 1052 (Phil.
312 985 491 1058 anzeiger).
513 984 574 1045 Hic
593 986 687 1059 putat
705 985 845 1046 sormam
868 982 918 1044 dal
937 986 971 1045 in
991 985 1138 1045 Parisino
1162 985 1191 1043 A
1214 998 1377 1056 nusquam

200 1112 264 1157 uon
296 1098 528 1158 correctoribus
559 1098 677 1174 deberi,
718 1100 838 1159 mirum
879 1114 953 1159 varo
992 1100 1151 1170 quantum
1190 1097 1304 1173 falsus,
1341 1099 1377 1156 ut

201 1210 391 1286 Campbellii
421 1212 550 1273 collatio
573 1227 686 1272 recens
710 1184 869 1286 ostendit;
894 1210 948 1271 ille
973 1212 1069 1281 (sicut
1091 1209 1284 1280 Dludorfius)
1309 1226 1375 1286 par-

200 1324 336 1385 ticulam
367 1322 418 1384 dol
447 1326 481 1385 in
511 1325 677 1385 Platonico
707 1325 802 1385 textu
830 1325 1025 1385 servandam
1050 1339 1122 1384 esse
1145 1326 1232 1383 recte
1257 1325 1377 1399 censet,

201 1437 285 1511 quod
309 1436 365 1497 illa
388 1439 545 1512 particula
568 1440 728 1499 sermonis
752 1438 939 1513 quotidiani,
965 1438 1122 1510 quemer
1144 1437 1378 1511 Aristophanes

201 1552 235 1611 et
257 1550 350 1611 Plato
373 1551 494 1612 imitati
518 1553 593 1627 sint,
614 1553 741 1627 propria
766 1553 810 1611 sit
832 1554 866 1611 et
887 1551 1078 1611 adhibeatur
1096 1550 1125 1611 ei
1147 1551 1217 1623 quis
1240 1550 1378 1625 ludione-

199 1668 252 1723 tur
284 1663 397 1739 („Quid
428 1665 532 1735 ita?’')
562 1666 607 1724 ool
636 1667 770 1725 miretur
801 1665 993 1742 („Quidnam
1018 1664 1173 1734 aliud?'').
1199 1663 1331 1723 Praeter
1353 1661 1381 1720 τί

200 1777 253 1836 δαί
281 1780 480 1852 usurpantur
510 1778 645 1840 haecce:
677 1778 719 1849 τίς
748 1777 807 1855 δαί,
829 1784 883 1837 roo
906 1775 966 1853 δαί,
990 1785 1028 1859 τῷ
1055 1775 1114 1852 δαί,
1137 1784 1200 1848 πῶς
1224 1775 1281 1834 δαί.
1305 1776 1378 1835 Vul-

199 1893 277 1965 gata
307 1890 403 1951 lectio
432 1890 462 1949 τί
491 1888 523 1950 δέ
547 1893 590 1961 (et
613 1890 642 1950 τί
663 1890 711 1969 δή,
735 1890 765 1950 τί
786 1887 818 1951 δὲ
843 1890 890 1967 δή)
914 1891 948 1950 in
972 1891 1229 1964 argumentando
1253 1889 1378 1950 adhibe·

199 2008 263 2066 tur.
289 2005 395 2081 Quum
419 2006 529 2065 nestro
552 2006 586 2064 in
608 2006 678 2065 loco
702 2006 850 2066 Socrates
874 2018 938 2063 non
962 2002 1103 2077 amplius
1124 2003 1378 2077 argumentetur,

201 2121 258 2180 sed
289 2119 549 2193 indignabundus
580 2118 743 2179 exclamet
773 2116 829 2177 οὐκ
860 2114 1077 2193 ἀποκρίνεσθαι
1110 2122 1183 2194 χρῆν
1211 2118 1270 2192 κτλ,
1293 2116 1379 2175 recte

204 2232 316 2293 Stallb.
348 2232 429 2292 mihi
456 2232 589 2292 'videtur
618 2230 812 2305 particulam
836 2227 885 2288 dal
909 2229 1103 2290 restituisse.
1128 2228 1237 2289 Heller
1261 2232 1301 2302 (p.
1326 2228 1379 2297 46)

203 2344 308 2406 111οτ1
329 2342 362 2404 δέ
384 2346 538 2419 probasse
562 2345 699 2405 videtur.
724 2378 762 2387 —
783 2345 820 2403 ln
845 2343 952 2404 verbis
973 2341 1015 2402 ὅτι
1039 2339 1076 2417 δὴ
1100 2340 1129 2400 τί
1151 2340 1291 2418 polirem
1314 2341 1379 2401 elli·

201 2460 271 2533 psis
301 2459 443 2519 notanda
473 2458 542 2519 est:
573 2458 670 2531 plena
701 2458 804 2517 oratio
834 2457 952 2517 fuisset
984 2454 1026 2515 ὅτι
1057 2453 1094 2531 δὴ
1107 2449 1195 2515 ’τοῦτ’
1223 2451 1382 2537 ἐρωτᾷςτί

203 2570 327 2651 μάλιστά
357 2568 450 2645 torm
486 2572 580 2648 „quid
612 2573 663 2633 est
693 2587 810 2633 causae
842 2588 899 2632 cur
929 2571 961 2632 id
991 2569 1130 2644 roges?‘'
1154 2569 1251 2630 Aliud
1274 2584 1380 2630 exem·

147 2694 177 2759 Β
200 2688 292 2761 plum
306 2703 335 2746 v.
349 2702 375 2746 c.
391 2702 420 2759 p.
435 2686 499 2746 449
514 2684 537 2746 0
550 2686 724 2746 invenitur.
747 2676 767 2768 ΙΙ
788 2686 992 2762 Quamquam
1013 2683 1120 2744 Faesii
1137 2693 1197 2744 cam
1212 2682 1381 2741 διακεῖσθαι

199 2815 257 2875 pro
280 2800 467 2858 διανοεῖσθαι
492 2798 631 2860 Cobetus
655 2800 689 2860 et
711 2799 900 2859 Badhamus
923 2797 1109 2872 probarunt,
1141 2811 1226 2856 unus
1249 2797 1379 2855 tautum

201 2912 407 2973 Wohlrabius
450 2927 523 2972 eam
565 2913 599 2972 in
637 2914 767 2972 textum
803 2912 933 2988 recepit.
972 2909 1148 2983 vulgatam
1183 2908 1380 2968 servandam

199 3027 288 3100 puto,
312 3025 387 3099 quia
411 3027 586 3099 utrumque
608 3027 746 3087 verbum
769 3027 821 3086 hic
844 3026 958 3098 aptum
983 3025 1034 3083 est
1058 3023 1256 3094 (διανοεῖσθαι
1276 3035 1295 3080 a
1317 3020 1381 3078 διω-

198 3142 319 3196 κεῑσθαι
347 3154 411 3198 non
444 3139 551 3199 differt
581 3140 653 3200 coll.
686 3140 781 3214 Legg.
807 3140 872 3200 626
897 3138 933 3213 D,
959 3137 1036 3211 Rep.
1062 3137 1126 3195 414
1151 3134 1186 3204 Ε)
1218 3149 1277 3194 1100
1301 3132 1382 3193 1111111

198 3253 329 3326 propter
362 3267 502 3324 sequens
537 3251 687 3329 διατεθείη
720 3252 904 3312 coniectura
935 3248 1119 3310 necessaria
1151 3248 1279 3307 videtur
1307 3249 1381 3315 (non

198 3379 329 3439 semper
352 3366 439 3425 enim
463 3367 576 3426 eodem
598 3367 695 3427 verbo
714 3366 747 3425 in
772 3363 1066 3438 comparationibus
1091 3377 1172 3436 opus
1196 3361 1264 3434 est;
1292 3360 1380 3419 sebo·

200 3479 315 3539 liastes
335 3477 521 3538 διανοεῖσθαι
542 3480 694 3549 exbibet).
716 3479 826 3539 Heller
846 3477 928 3547 (cur.
950 3476 1019 3537 crit.
1034 3492 1063 3550 p.
1079 3475 1267 3546 ascribens
1283 3472 1381 3548 „illud

200 3606 266 3650 non
297 3594 436 3664 arguunt
467 3596 522 3663 (sc.
555 3593 657 3662 editt.)
688 3593 721 3651 in
753 3591 939 3652 huiusmodi
970 3590 1210 3664 comparatione
1234 3589 1380 3650 eiusdem
1477 3565 1480 3568 ¹

200 3704 350 3764 vocabuli
392 3706 616 3778 repetitionem
656 3705 764 3766 omitti
799 3703 915 3778 posse'’
952 3704 1058 3763 Faesii
1094 3713 1154 3763 erm
1179 3703 1381 3776 improbasse

202 3818 338 3878 Videtur.
368 3851 406 3860 -
433 3818 507 3878 Mox
539 3819 609 3892 lege
640 3816 690 3877 διὰ
721 3816 827 3888 νυκτὸς
851 3813 901 3874 καὶ
917 3810 1038 3890 <δι’>
1054 3811 1175 3894 ἡμέρας,
1200 3816 1272 3876 vide
1296 3815 1382 3875 dicta

202 3931 243 3991 ad
267 3933 330 3992 334
344 3931 378 3991 Ε.
399 3931 478 3990 Post
498 3933 577 3989 ΚΑΙ
595 3932 690 3992 facile
711 3933 758 3989 ΔΙ
775 3932 922 3992 excidere
942 3931 1057 4005 potuit.
1083 3965 1122 3974 —
1145 3929 1381 3991 Herwerdenus

202 4045 277 4114 (Mn.
313 4045 409 4114 1883)
442 4045 481 4105 ci.
513 4044 614 4124 πόρρω
646 4038 682 4104 εἶ
714 4046 808 4119 <rod
839 4066 866 4102 τι
889 4041 1048 4119 sideros>
1075 4043 1144 4122 περί
1173 4041 1379 4111 1001110011.

203 4158 335 4218 Theaet.
362 4160 422 4218 151
450 4157 493 4234 (l),
526 4159 601 4232 quia
632 4158 751 4219 Graece
786 4160 955 4234 „ignarum
984 4159 1079 4218 esse”
1102 4173 1165 4217 non
1190 4156 1251 4216 dici
1276 4155 1381 4214 soleat

203 4269 305 4350 πόρρω
336 4265 410 4330 εἶναι
441 4271 510 4349 περί
538 4294 624 4342 τινος.
656 4272 726 4332 Etsi
758 4287 808 4346 ap.
841 4271 1010 4331 Platonem
1040 4270 1184 4343 aliosque
1209 4268 1382 4341 scriptores

203 4383 304 4464 πόρρω
338 4385 405 4446 fere
440 4401 569 4460 semper
600 4401 675 4446 cum
706 4386 849 4460 genitivo
881 4385 988 4458 aliquo
1011 4382 1233 4458 coniungitur,
1269 4383 1381 4442 tamen

141 4483 143 4486 ’
203 4514 436 4572 nonnunquam
468 4499 517 4570 (ci.
542 4499 642 4560 Arist.
666 4500 741 4560 Pae.
768 4500 842 4570 198)
866 4499 1014 4559 absolute
1037 4497 1166 4570 ponitur
1190 4496 1286 4567 (sieut
1310 4493 1382 4574 πόρ-

152 4607 179 4676 d
202 4616 301 4690 ρωθι),
326 4613 438 4685 itaque
461 4614 550 4673 omni
572 4613 711 4675 sortasse
734 4613 955 4674 additamento
975 4625 1083 4671 carere
1102 4625 1285 4684 possumus.
1307 4601 1327 4692 ΙΙ
1345 4611 1382 4669 In
1491 4617 1495 4626 ·

471 4735 474 4739 .
1289 4716 1304 4759 a
