3417 5175
780 368 820 429 71

209 552 268 615 οὐκ
289 553 382 625 αἴτιος
405 563 464 615 τῶν
486 563 586 615 κακῶν
606 551 623 617 ὁ
642 553 722 627 θεός.
742 556 792 616 Ad
812 556 878 616 380
898 556 941 617 D:
964 555 1098 636 δεύτερος
1119 558 1211 630 τύττος
1231 560 1387 640 θεολογίας

210 664 255 725 ὅτι
285 663 301 725 ὁ
330 666 404 739 θεὸς
435 665 641 747 ἀμετάβλητος.
673 670 723 730 Ad
753 669 817 729 382
848 670 894 730 A:
927 668 1021 749 τρίτος
1050 669 1141 743 τύπος
1164 671 1320 752 θεολογίας
1344 673 1388 733 ὅτι

156 776 330 856 Ιλόιληθὴς
361 777 377 840 ό
405 779 487 853 θεός.
516 773 536 865 ΙΙ
565 782 650 855 Lege
683 778 771 853 [καλ]·
787 777 931 861 λέγοντος.
963 783 1064 845 Paulo
1090 786 1164 858 post
1183 785 1254 859 lege
1276 784 1388 866 θάτερα

209 907 268 967 pro
290 890 326 953 τό
349 890 441 973 ἕτερα,
462 896 539 968 quia
561 896 628 956 fere
651 910 780 969 semper
803 910 879 955 cum
902 896 986 956 crasi
1005 894 1041 954 τὰ
1061 893 1143 976 ἕτερα
1162 900 1388 972 pronuntiatur
1449 876 1451 881 ⁵

208 1022 285 1067 cum
315 1008 349 1069 in
366 985 503 1069 'malam
534 1011 661 1084 partem
692 1008 872 1070 adhibetur.
897 1009 996 1071 Bekk.
1021 1012 1055 1071 et
1078 1010 1190 1072 Herm.
1214 1027 1278 1073 non
1302 1014 1388 1075 male

207 1118 260 1180 τόν
291 1116 324 1180 δὲ
353 1123 503 1195 sequenti
530 1123 640 1183 versui
663 1123 891 1199 adjunxerunt,
915 1138 1115 1196 quamquam
1139 1124 1273 1187 Homeri
1297 1128 1386 1188 codd.

207 1250 324 1295 omnes
345 1236 500 1309 praebent
522 1234 575 1295 καί
595 1232 609 1295 ἑ
631 1234 708 1312 κακὴ
732 1234 917 1314 βούβρωστις
944 1240 1001 1295 ιιτλ.
1029 1237 1140 1299 Baiter
1166 1240 1199 1298 et
1223 1238 1388 1314 campbell

207 1345 260 1407 τόν
284 1343 317 1408 δὲ
340 1364 360 1408 ο
379 1364 477 1409 versu
494 1351 678 1425 secernunt,
698 1351 734 1411 at
753 1364 850 1424 saepe
863 1350 955 1410 Plato
968 1352 1138 1424 poetarum
1151 1367 1267 1413 versus
1280 1355 1387 1414 mutat

158 1460 186 1525 Ε
209 1463 519 1524 accommodationis
548 1464 664 1539 gratia,
697 1464 759 1524 rid.
791 1463 878 1525 diota
910 1465 950 1524 ad
983 1466 1047 1525 363
1071 1465 1107 1525 Β.
1133 1456 1152 1548 ΙΙ
1177 1466 1251 1526 Mox
1274 1468 1386 1528 autem

206 1577 269 1637 Ast
304 1578 350 1637 et¹
371 1576 483 1638 Herm.
515 1573 592 1655 (non
622 1577 737 1650 reliqui
768 1572 872 1655 editt.)
906 1578 1003 1638 verba
1034 1574 1160 1657 ἀμαθῶν
1182 1600 1212 1638 τε
1234 1586 1335 1639 κακῶν
1357 1602 1386 1639 τε

205 1686 348 1767 τέτυκται,
364 1705 447 1763 quae
466 1691 501 1751 in
520 1691 662 1753 Homero
675 1706 740 1753 non
751 1692 965 1767 reperiuntur,
979 1692 1019 1751 ab
1031 1692 1188 1753 orationis
1199 1694 1387 1754 continuata

204 1803 289 1865 serie
323 1819 387 1865 non
420 1806 623 1878 separarunt.
659 1804 736 1864 Mihi
769 1804 895 1864 videtur
925 1804 1028 1881 Plato,
1061 1806 1115 1878 qui
1146 1807 1180 1865 in
1212 1805 1231 1882 fi
1264 1806 1286 1867 (t
1318 1806 1387 1878 τοὺς

205 1916 334 1989 πολλοὺς
364 1918 569 1992 vituperabat
597 1919 681 1991 quod
716 1919 813 1979 deum
847 1916 968 1977 πόντων
1000 1916 1096 1977 αἴτιον
1127 1903 1201 1980 esse
1222 1921 1385 1996 putarent,

209 2032 320 2093 minus
334 2026 356 2110 ¹)
389 2034 535 2093 mentem
567 2033 636 2093 noti
670 2031 822 2093 versiculi
853 2030 929 2103 Ζεὺς
960 2030 992 2102 ός
1022 2026 1041 2090 τ’
1077 2028 1250 2111 ἀνθρώπων
1280 2032 1386 2111 ταμίης

207 2141 348 2222 πολέμοιο
390 2142 522 2208 τέτυκται
563 2162 639 2207 cum
681 2145 880 2221 praegressis
915 2147 1145 2218 congruentem
1181 2146 1386 2221 interpretari

209 2258 350 2320 voluisse
371 2256 446 2338 (quo
464 2259 587 2320 factum
609 2260 660 2321 est
680 2261 717 2320 ut
735 2258 860 2333 poetice
880 2258 1009 2320 locutus
1021 2256 1076 2337 sit)
1090 2274 1189 2333 quem
1204 2292 1243 2303 -
1257 2276 1340 2334 quae
1352 2262 1385 2321 et

209 2371 398 2447 campbellii
418 2374 525 2447 opinio
537 2375 588 2434 est
601 2408 641 2415 -
655 2373 832 2433 memoriae
845 2373 939 2447 lapsu
951 2370 1003 2435 sio
1010 2374 1180 2448 scripsisse
1193 2389 1384 2450 praegressa

208 2503 283 2549 oum
314 2489 370 2549 illo
404 2488 573 2564 versiculo,
604 2501 703 2561 quem
734 2488 829 2550 modo
859 2486 1000 2562 laudavi,
1027 2488 1225 2549 confundens
1248 2489 1285 2548 ut
1307 2488 1384 2549 fecit

208 2603 273 2663 389
308 2603 343 2664 H.
377 2603 427 2662 Hx
457 2602 521 2664 alio
552 2603 647 2677 poeta
669 2601 838 2663 Platonem
867 2602 1022 2664 recitasse
1045 2603 1174 2678 putavit
1199 2601 1382 2664 Schneider.

207 2716 396 2778 Tenendum
419 2718 470 2778 est
488 2717 658 2778 Platonem
675 2732 806 2792 semper
824 2717 1014 2778 memoriter
1033 2732 1148 2777 versus
1169 2717 1287 2778 citasse
1306 2713 1384 2792 (quo

206 2829 330 2893 factum
361 2832 413 2892 est
442 2831 480 2890 ut
509 2843 741 2902 nonnunquam
771 2826 917 2907 erraret),
945 2845 1112 2903 nunquam
1134 2831 1246 2890 autem
1270 2831 1384 2903 poetae

206 2945 316 3016 panes
339 2946 490 3016 agentem
513 2946 638 3005 temere
661 2944 796 3004 Homeri
820 2958 937 3004 versus
959 2946 1190 3006 commutasse.
1217 2975 1256 2986 -·
1283 2942 1383 3002 Multo

207 3057 364 3119 maiorem
401 3057 656 3121 controversiam
690 3056 922 3129 subsequentia
955 3051 1027 3115 οὐδὲ
1059 3059 1142 3116 θεῶν
1177 3053 1238 3134 λ’ριν
1272 3074 1301 3112 τε
1334 3050 1384 3112 καλ

206 3169 303 3250 κρίσιν
333 3174 382 3230 ιιτλ
414 3172 596 3246 moverunt,
628 3170 704 3242 quia
733 3185 848 3244 parum
881 3169 1058 3230 verisimile
1078 3171 1130 3229 est
1152 3168 1320 3229 Platonem
1345 3167 1384 3228 de

206 3287 340 3347 deorum
371 3299 489 3361 pugna,
520 3299 602 3358 quae
631 3285 666 3344 in
692 3283 772 3345 XX⁰
797 3283 878 3344 libro
902 3283 1013 3344 Iliadis
1037 3283 1199 3358 descripta
1222 3283 1275 3358 sit,
1300 3283 1380 3355 cogi-

205 3401 296 3460 tasse
330 3415 406 3460 cum
439 3399 520 3460 haec
555 3398 719 3459 scriberet.
755 3397 902 3458 Primum
931 3397 1094 3458 Homerus
1124 3397 1158 3455 in
1189 3396 1289 3456 Iliade
1320 3410 1384 3456 non

206 3514 317 3576 narrat
347 3528 403 3587 per
433 3513 591 3573 Phemida
622 3513 655 3572 et
686 3513 798 3572 lovem
829 3508 891 3590 ἔριν
916 3507 1046 3588 (rixam)
1071 3510 1155 3570 inter
1178 3511 1255 3572 deos
1278 3512 1384 3570 ortam

206 3641 290 3703 esse,
321 3627 377 3687 sed
409 3641 466 3686 eos
497 3627 606 3686 vetere
636 3625 707 3686 odio
738 3625 950 3686 exacerbatos
972 3620 1042 3701 (βὰν
1067 3617 1200 3700 δ’όμεναι
1222 3622 1386 3700 πόλεμόνδε

206 3739 284 3817 θεοί,
306 3739 373 3818 δίχα
396 3737 498 3816 θυμὸν
522 3736 646 3817 ἔχοντες)
672 3739 711 3798 ad
732 3737 904 3798 consilium
926 3737 1067 3798 senisse.
1088 3737 1208 3798 Deinde
1227 3736 1321 3816 κρίσις
1334 3753 1384 3812 ap.

207 3855 376 3916 Platonem
400 3868 463 3914 non
489 3855 527 3914 de
552 3854 624 3914 bello
644 3852 793 3928 usurpari
812 3851 906 3928 solet,
926 3851 988 3913 vid.
1011 3866 1062 3912 ex,
1084 3865 1130 3924 gr.
1145 3850 1270 3912 Menex.
1285 3849 1385 3912 2370

207 3972 352 4048 μαρτυρεῖ
383 3964 415 4027 δὲ
444 3963 530 4044 ἡμῶν
559 3977 598 4049 τῷ
629 3965 705 4051 λόγῳ
738 3960 756 4041 ἡ
787 3974 845 4025 τῶν
880 3962 1170 4042 ἀμφισβητησάντων
1200 3960 1267 4041 περὶ
1289 3960 1385 4038 αὐτὴν
1423 3989 1424 3992 “
1477 3944 1479 3947 r

208 4078 379 4159 (Atticam)
403 4085 484 4142 θεῶν
507 4078 567 4160 ἔρις
588 4101 619 4139 τε
638 4077 689 4138 καὶ
708 4078 802 4159 κρίσις
823 4076 1014 4156 (iudicium).
1036 4079 1119 4138 Tum
1140 4093 1190 4152 ap.
1205 4077 1385 4138 Homerum

208 4195 343 4256 deorum
366 4209 474 4281 pugna
495 4209 560 4255 non
583 4194 758 4254 Themidos
781 4208 878 4267 opera
897 4195 930 4254 et
949 4192 1081 4253 oonsilio
1101 4189 1256 4251 efficitur:
1277 4189 1386 4250 nuncii

208 4309 339 4370 tantum
370 4323 505 4369 munere
528 4294 588 4368 dea
611 4306 765 4381 fungitur.
791 4305 1052 4370 Consentaneum
1077 4304 1175 4377 igitur
1199 4303 1249 4362 est
1270 4304 1385 4376 putare

208 4421 379 4484 Platonem
401 4421 453 4482 hic
476 4437 540 4482 non
565 4417 620 4498 τὴν
645 4418 812 4498 Θεομιιχίιιν
834 4420 1028 4494 respexisse,
1049 4418 1106 4479 sed
1123 4417 1256 4478 dearum
1278 4416 1385 4478 rixam

241 4662 264 4730 ¹)
280 4665 388 4725 Πόλεμος
405 4665 473 4714 enim
489 4666 557 4714 inter
573 4665 642 4715 mals
657 4666 758 4716 tantum
775 4664 867 4714 referri
883 4665 976 4724 potest.
