3417 5175
881 348 922 405 56

314 536 548 611 Thrasymachi
580 536 703 596 dictum
734 529 753 610 ἡ
785 530 839 611 μὲν
868 533 1044 611 δικαιοσύνη
1068 530 1220 610 ἀλλότριον
1244 530 1373 612 ἀγαθόν,
1397 533 1491 594 οἰκεία

317 645 348 709 δὲ
379 648 487 728 βλάβη,
515 643 535 725 ἡ
567 643 599 706 δέ
628 645 728 706 ἀδικία
759 645 942 706 τούναντίον.
985 680 1016 687 —-
1041 646 1111 704 V⁸1n
1142 646 1167 705 L
1198 644 1492 732 ττυιρασκευασαμένῳ

315 762 491 837 probarunt
523 760 669 822 sennen.
702 760 878 820 Hermann.
913 759 1024 820 stairo.
1057 759 1165 829 (rasa)
1197 745 1490 836 Bait.campbel'1;

317 890 376 948 ego
397 878 525 950 propter
543 889 767 949 praegressum
790 876 863 943 (361
878 874 917 943 Α)
938 868 1189 951 παρεσκευακέναι
1209 874 1390 947 perfectum
1403 890 1491 949 prae·

270 976 431 1049 Gferam.
467 981 487 1071 ΙΙ
522 988 596 1048 Mox
626 988 697 1061 lege
728 986 883 1070 πρόθυρα.
901 982 954 1063 μέν
988 984 1048 1058 [καὶ
1079 990 1186 1064 σχῆμα]
1216 986 1315 1071 κύκλῳ
1338 992 1396 1045 κτλ.
1420 988 1492 1049 Vox

318 1109 413 1179 σχῆμα
445 1102 770 1177 interpretamentum
803 1102 854 1161 est
887 1100 976 1161 verbi
1006 1098 1146 1179 πρόθυρα
1180 1103 1224 1171 (et
1255 1101 1376 1161 Phileb.
1409 1102 1492 1163 640

317 1216 423 1285 obvii).
448 1215 570 1276 Versus
592 1215 775 1276 Archilochi
804 1217 882 1274 sunt
905 1215 992 1276 hice:
1017 1224 1056 1297 τῷ
1081 1208 1110 1274 δ’
1136 1208 1178 1293 ἀρ’
1203 1212 1327 1292 ’ἀλάιιηξ
1350 1214 1492 1294 κερδαλέα

319 1328 477 1406 συνήντετο
498 1325 502 1406 l
523 1327 640 1389 ντυκνδν
670 1327 777 1408 ἔχουσα
809 1328 881 1388 νόον
914 1330 1039 1403 (Bergk.
1072 1330 1202 1390 Anthol.
1233 1331 1306 1405 Lyr.
1331 1331 1369 1392 fr.
1395 1331 1437 1391 88
1450 1335 1491 1401 a).

319 1442 380 1502 Pro
400 1440 475 1519 φησὶ
491 1443 569 1503 Ven.
593 1444 626 1500 Π
642 1441 731 1519 φήσει
750 1443 892 1519 praebet,
913 1443 997 1516 quod
1016 1445 1104 1503 recte
1116 1442 1196 1504 Bkir.
1210 1444 1272 1503 Ast
1284 1448 1491 1519 receperunt;

269 1554 362 1618 hof.
392 1557 425 1616 in
456 1571 609 1631 responso
640 1555 775 1632 φήσομεν
807 1557 840 1615 et
868 1556 972 1617 366Α
995 1554 1092 1631 φησει.
1118 1548 1136 1639 ΙΙ
1162 1556 1242 1617 Oum
1267 1558 1378 1631 paucis
1403 1558 1492 1618 codd.

321 1670 428 1743 legere
458 1670 545 1730 malo
577 1667 624 1728 ἐστὶ
654 1667 710 1748 γὰρ
741 1678 779 1751 τῷ
804 1674 871 1744 (pro
901 1668 943 1740 τὸ)
968 1669 1142 1746 λανθάνειν,
1164 1670 1204 1731 cf.
1229 1671 1363 1732 Phaedr.
1390 1671 1493 1731 245ss

322 1776 364 1842 ἐντ’
397 1778 581 1865 ὠφελερι...
605 1778 795 1859 έττιντέμντετοιι
824 1785 858 1843 et
881 1777 921 1841 ἔντ’
949 1781 1068 1864 εὐτυχίᾳ
1082 1828 1087 1841 .
1101 1828 1107 1840 .
1122 1828 1147 1841 ..
1173 1762 1303 1843 δίδοται..
1319 1783 1392 1843 Mox
1412 1786 1493 1859 'opti-

321 1912 449 1957 morum
464 1898 552 1957 codd.
566 1896 639 1957 lect.
653 1893 740 1973 μέλει,
751 1893 801 1954 καὶ
812 1891 885 1972 ἡμῖν
897 1892 1036 1973 μελητέον
1053 1897 1173 1971 recepit
1186 1897 1297 1958 Herm.
1312 1892 1494 1968 (Schmelz.)

321 2012 449 2071 mutato
473 2008 586 2070 οὐκοῦν
609 2010 642 2069 in
667 2007 788 2084 υάκουν,
811 2024 920 2085 preve,
942 2024 1016 2069 cum
1037 2025 1078 2069 ex
1098 2010 1274 2069 adversarii
1295 2010 1402 2071 verbis
1421 2007 1496 2069 ἀλλὰ

323 2123 361 2202 δδγ
391 2123 483 2195 θεοὺς
512 2127 562 2183 κτλ
584 2123 675 2184 nulla
697 2123 860 2184 conclusio
883 2122 956 2183 duci
979 2123 1083 2197 possit
1106 2138 1210 2196 neque
1233 2120 1346 2183 υάκουν
1371 2124 1494 2197 (partic.

194 2224 198 2231 ¹
322 2238 484 2312 negativa)
517 2237 783 2298 demonstrationi
815 2237 928 2310 aptum
953 2236 1006 2296 sit.
1031 2236 1157 2297 Beliker
1180 2240 1213 2297 et
1237 2236 1401 2311 dampbeh
1425 2237 1496 2295 Vem

323 2353 348 2411 L
372 2344 438 2411 οὐδ’
466 2347 538 2422 [καὶ]
563 2345 634 2426 ἡμῖν
658 2345 797 2425 μελητέον
823 2348 1008 2422 probarunt.
1031 2348 1111 2409 Cum
1133 2364 1208 2409 uero
1229 2344 1296 2409 οὐδ’
1319 2365 1383 2411 non
1402 2351 1497 2413 facile

323 2466 357 2524 in
391 2461 441 2522 καὶ
475 2464 562 2523 abire
596 2463 746 2538 potuerit,
789 2462 935 2521 maxime
974 2462 1136 2536 probanda
1171 2466 1223 2522 est
1256 2464 1354 2524 tertia
1388 2463 1495 2540 lectio,

324 2594 421 2653 quam
443 2578 551 2653 steph.
572 2578 643 2638 Ast.
665 2575 838 2637 Schneider
858 2577 1079 2652 susceperunt,
1100 2591 1217 2651 nempe
1229 2573 1279 2636 καὶ
1290 2572 1363 2655 ἡμῖν
1380 2575 1492 2652 (od)

326 2689 472 2771 μελητέον.
496 2692 616 2752 Baiteri
639 2663 697 2751 cem
722 2695 830 2764 (quam
852 2690 1032 2763 Madvigius
1051 2690 1208 2764 probauit)
1229 2688 1277 2749 καὶ
1297 2686 1370 2768 ἡμῖν
1389 2673 1497 2769 ἀμελη-

324 2804 390 2867 τέον
420 2808 507 2867 reote
537 2805 692 2866 refutavit
716 2804 847 2877 damph.
873 2804 983 2865 dicens
1010 2805 1084 2880 „the
1110 2805 1262 2878 meaning
1285 2806 1315 2865 is
1337 2808 1410 2866 not:
1437 2806 1497 2866 We

324 2921 417 2997 ought
446 2922 502 2980 not
531 2921 566 2980 tc
597 2919 708 2979 attend
739 2920 773 2978 to
796 2918 1029 2994 conoeolment‚
1054 2919 1111 2978 but
1135 2933 1182 2979 we
1206 2921 1281 2980 need
1303 2922 1361 2980 not
1384 2922 1497 2981 attend

323 3038 357 3096 to
389 3033 643 3096 concealment.’'
668 3033 872 3094 Stellboumii
900 3033 995 3093 lectio
1017 3034 1250 3093 correctoribus
1274 3035 1417 3110 debetur,
1441 3036 1498 3108 qui

272 3148 300 3212 E
324 3148 361 3209 οά
384 3149 507 3210 omisso
531 3149 638 3208 ruenti
665 3147 846 3207 sententiae
870 3145 899 3204 τί
920 3147 1089 3207 inserendo
1114 3147 1257 3207 subsidio
1282 3150 1448 3207 venerunt.
1478 3142 1493 3228 lt

324 3264 407 3324 Malo
431 3278 506 3323 oum
530 3262 641 3338 paucis
665 3261 753 3321 codd.
777 3258 862 3336 ἴσμεν
886 3256 935 3318 καλ
959 3263 1025 3332 (pro
1050 3255 1079 3337 ἢ)
1104 3256 1274 3337 ἀκηκόαμεν
1297 3260 1413 3333 legere.
1436 3261 1498 3321 Pro

323 3375 419 3455 λόγων
434 3366 437 3371 ’
451 3377 481 3446 (i.
506 3391 533 3436 e.
565 3375 660 3435 fando
691 3375 812 3443 audire)
845 3373 894 3433 uir
925 3374 1038 3434 doctus
1061 3373 1192 3449 Montijn
1217 3374 1292 3444 (vid.
1316 3375 1356 3434 ad
1380 3376 1443 3434 327
1456 3375 1497 3444 Α)

323 3489 506 3563 requirebat
537 3487 725 3566 μυθολόγων,
756 3488 839 3561 quod
870 3503 934 3547 non
967 3487 1178 3562 probandum,
1210 3488 1287 3561 quia
1315 3486 1397 3566 λόγοι
1420 3491 1503 3562 ειτιιτΙ

325 3607 428 3679 μῦθοι.
459 3602 505 3660 De
535 3600 632 3680 λόγοις
665 3601 789 3661 multus
820 3603 872 3661 est
902 3600 994 3661 Plato
1021 3600 1054 3659 in
1078 3601 1141 3660 ΙΙΙο
1166 3600 1316 3661 Civitatis
1338 3601 1428 3662 libro.
1456 3635 1497 3644 -

325 3716 400 3776 Mox
423 3715 544 3788 corrige
568 3714 614 3773 sis
638 3710 688 3772 καί
708 3711 739 3773 ἐκ
760 3714 790 3783 (i.
813 3729 840 3774 e.
865 3710 931 3784 κάκ)
955 3721 1014 3772 τῶν
1033 3712 1311 3792 γενεαλογησάντων
1330 3717 1388 3773 κτλ.
1408 3716 1500 3776 Licet

325 3830 430 3891 dicere
453 3825 485 3886 ἐν
508 3835 566 3886 τῶν
589 3826 685 3906 λόγων
708 3824 839 3886 καὶτῶν
862 3850 888 3906 γ.
911 3848 941 3885 ru.
965 3827 1035 3888 sive
1060 3824 1091 3885 ἐκ
1115 3834 1174 3885 τῶν
1198 3848 1227 3886 τε
1250 3825 1347 3907 λόγων
1369 3825 1420 3886 καὶ
1439 3829 1500 3905 κτλ,

323 3961 387 4006 non
419 3959 494 4005 vero
525 3941 557 4002 ἔτι
588 3965 617 4002 τε
648 3951 706 4002 τῶν
736 3942 832 4022 λόγων
863 3940 913 4002 καὶ
945 3950 1011 4001 τῶν.
1038 3977 1078 3986 -
1104 3942 1173 3999 Vmn
1201 3944 1226 4002 L
1250 3938 1388 4021 ἀγαναῖσι
1410 3943 1499 4002 recte

322 4060 434 4120 Stallb.
468 4059 575 4129 (1858)
608 4057 764 4130 probavit.
798 4054 879 4115 (ium
910 4055 998 4115 enim
1023 4056 1118 4116 modo
1142 4056 1339 4116 Adimantus
1364 4055 1497 4116 Homeri

322 4189 437 4234 versus
460 4175 565 4234 citans
589 4170 729 4249 εὐχωλαῖς
754 4167 912 4248 ἀγαναῖσιν
937 4169 1056 4230 dixerit
1084 4170 1229 4240 (Homeri
1253 4145 1342 4230 codd.
1369 4167 1498 4252 εὐχωλῇς

322 4285 468 4370 ἀγανῇσιν
501 4286 619 4355 exhib.)
652 4285 830 4356 eademque
862 4283 960 4343 verba
990 4298 1076 4343 nunc
1107 4283 1212 4359 iteret,
1247 4283 1423 4343 verisimile
1447 4286 1500 4342 est

322 4398 459 4480 ἀγαναῖσι
492 4402 611 4471 (Ionica
634 4399 740 4459 forma
763 4398 861 4471 igitur·
885 4397 936 4457 hic
959 4398 1078 4458 offendi
1102 4414 1161 4458 nos
1185 4413 1248 4458 non
1272 4399 1408 4474 oportet,
1434 4397 1498 4457 vid.

322 4515 362 4576 ad
394 4516 457 4576 345
470 4516 505 4585 Ε)
537 4532 557 4576 a
587 4515 721 4576 Platone
752 4514 911 4586 scriptum
935 4528 1018 4589 esse,
1048 4514 1105 4574 sed
1129 4514 1347 4589 superscripto
1370 4509 1499 4595 ἀγανῇσι

322 4644 340 4689 e
365 4629 459 4688 textu
482 4628 612 4700 pulsum
636 4644 719 4704 esse,
743 4628 828 4688 sicut
852 4627 885 4685 in
911 4627 1014 4687 3641)
1039 4641 1136 4701 super
1160 4623 1252 4686 λιστοὶ
1275 4626 1378 4687 altere
1403 4625 1499 4686 lectio
