3417 5175
880 381 942 445 146

175 570 239 631 465
267 565 297 633 Α
364 572 531 633 Articulus
543 575 618 633 ante
631 569 767 652 ἄρχοντες
779 574 819 633 ab
832 573 965 648 optimis
978 574 1066 634 codd.
1081 573 1183 648 abest,
1197 572 1293 648 male,
1307 572 1347 633 cf.
1361 572 1499 633 458Β11

321 685 385 744 459
398 684 440 759 Ε;
465 686 641 752 verisimile
664 688 716 746 est
739 686 909 747 Platonem
930 687 1100 760 scripsisse
1120 684 1265 764 ἄρχοντες.
1287 686 1360 746 Mox
1380 686 1500 747 Aetius

321 798 489 871 vulgatam
520 799 637 860 merito
666 799 801 874 culpans
831 796 922 877 (nam
953 800 1127 873 quominus
1158 800 1198 860 ad
1230 798 1273 859 du
1300 800 1499 874 praecedens

320 910 413 987 δῆλον
432 913 619 987 repetamus
637 914 744 975 multa
759 913 891 975 obstant
909 928 979 990 nec,
1000 928 1083 987 quae
1102 913 1287 974 Schneidsri
1303 913 1410 987 opinio
1422 913 1497 988 fuit,

320 1025 418 1085 verba
450 1021 490 1096 ὡς
519 1023 552 1085 τὸ
580 1024 657 1097 ε1ι1ς
681 1026 904 1088 anacoluthioe
926 1042 983 1101 pro
1007 1024 1083 1098 εἰκὸς
1106 1026 1212 1101 posita
1236 1042 1307 1087 esse
1331 1026 1500 1101 probabile

320 1139 381 1208 est)
406 1138 542 1199 coniecit
563 1136 613 1197 καὶ
637 1136 697 1216 μὴν
722 1138 739 1199 ὅ
760 1160 792 1219 με
815 1138 966 1218 νεώτερος,
988 1141 1071 1213 quod
1094 1140 1149 1213 qui
1172 1136 1307 1214 probent
1326 1140 1498 1213 praeterea

323 1247 445 1325 <τὸν>
480 1252 679 1331 πρεσβύτερον
710 1254 872 1327 corrigant
902 1269 1035 1315 necesse
1066 1255 1133 1328 eet;
1173 1268 1233 1327 ego
1263 1254 1375 1313 autem
1408 1252 1500 1314 malo

318 1379 374 1438 pro
406 1360 446 1435 ὡς
476 1363 508 1424 τὸ
532 1362 610 1435 εἰκὸς
633 1367 808 1427 rescribere
832 1365 920 1443 εἰκός,
942 1369 1015 1441 post
1038 1368 1123 1440 quod
1147 1374 1276 1428 comma
1299 1367 1498 1440 ponendum.

317 1476 510 1537 Dubitanter
529 1492 668 1552 propono
688 1475 772 1556 (coll.
794 1476 907 1557 4120)
928 1478 1178 1557 προστετάξεσθαι
1194 1478 1371 1556 <δῆ1ον>.
1385 1482 1499 1555 Δῆλον.

318 1587 380 1648 Καὶ
409 1588 470 1667 μὴν
501 1588 544 1649 ὅτι
574 1612 607 1670 με
637 1594 707 1668 avi,
736 1608 818 1665 quae
849 1593 977 1654 medela
1007 1593 1176 1654 lenissima
1201 1595 1261 1653 est.
1278 1586 1300 1670 1)
1330 1592 1501 1653 -Paulo

317 1706 391 1778 post
423 1706 598 1779 transpone
632 1701 700 1765 ούτε
733 1705 853 1765 τύπτειν
884 1707 960 1767 ante
992 1702 1059 1765 ούτε
1096 1710 1195 1781 <τι>
1230 1702 1300 1765 dito
1330 1704 1501 1783 βιάζεσθαι,

318 1818 393 1891 quia
428 1818 553 1890 species
587 1820 664 1879 ante
697 1833 800 1893 genus
833 1819 909 1894 poni
943 1819 1035 1881 solet.
1071 1818 1266 1879 Exciderant
1297 1818 1498 1893 negligentia

319 1933 417 1993 verba
447 1928 514 1991 οὔτε
545 1932 663 1992 τύπτειν
694 1936 728 1994 ο1
757 1934 873 1995 deinde
904 1933 936 1993 in
969 1932 1109 1993 alienam
1142 1932 1252 1993 sedem
1284 1934 1497 1994 devenerunt.

317 2047 378 2106 Pro
409 2042 479 2105 dito
510 2046 666 2124 βιάζεσθαι
689 2048 787 2109 multi
810 2048 899 2110 codd.
924 2048 957 2108 et
981 2048 1138 2109 Stobaeus
1161 2042 1255 2117 ἄλλοις
1278 2047 1306 2124 β.
1330 2048 1498 2123 praebent,

318 2162 401 2233 quod
435 2163 564 2236 propter
598 2178 738 2235 sequens
772 2160 866 2234 ἄλλως
901 2162 1042 2236 recipere
1074 2162 1256 2223 reformido.
1291 2195 1330 2205 —
1362 2162 1433 2221 Par.
1466 2162 1499 2220 A

266 2270 295 2334 B
319 2274 426 2335 exhib.
458 2270 573 2346 ἄλλος
605 2272 748 2354 ἀτιμάσει,
771 2278 810 2337 ds
833 2292 896 2350 quo
920 2276 1029 2336 mendi
1053 2290 1169 2348 genere
1194 2275 1257 2335 vid.
1281 2277 1322 2336 ad
1346 2276 1410 2337 899
1424 2274 1457 2335 0.
1473 2266 1494 2356 ΙΙ

318 2388 470 2461 Madvigii
493 2390 552 2448 cam
577 2385 653 2459 (δέος
673 2385 718 2470 δὲ)
742 2397 796 2449 τοῦ
819 2405 875 2465 pro
895 2387 928 2449 τὸ
948 2390 1071 2463 optimo
1091 2390 1160 2449 iure
1182 2379 1275 2470 (nam
1295 2389 1342 2449 sic
1361 2390 1498 2449 demum

318 2502 352 2560 et
381 2516 499 2561 sensus
530 2502 563 2561 et
589 2504 805 2574 grammatica
836 2504 929 2564 salva
960 2498 1114 2579 evadunt)
1139 2502 1328 2575 receperunt
1351 2501 1435 2562 Bait.
1460 2502 1497 2561 et

273 2613 496 2689 cOampbell.
528 2606 547 2697 ΙΙ
578 2615 671 2677 Astio
707 2631 776 2677 voc.
807 2613 929 2694 πένητες
962 2616 1083 2676 delenti
1114 2615 1241 2693 assensi
1274 2618 1351 2676 sunt
1381 2615 1498 2676 Stallb.

321 2726 431 2805 (1829.
464 2730 574 2800 ’1850)
610 2730 693 2790 Bait.
728 2731 893 2792 Herwerd.
932 2727 1005 2808 (Mn.
1045 2727 1153 2806 1891),
1190 2731 1382 2806 rectissime,
1418 2744 1498 2790 uam

317 2840 470 2912 κολακείας
501 2843 619 2916 pendet
650 2858 670 2902 a
699 2840 802 2922 λέγειν,
831 2860 896 2904 11011
923 2845 962 2904 ab
987 2839 1206 2921 ἀπηλλαγμένοι
1230 2839 1268 2901 dv
1291 2835 1359 2920 εἷεν,
1383 2844 1494 2916 itaque

317 2957 372 3017 iile
391 2957 614 3017 nominativus
633 2959 789 3031 tanquam
809 2959 841 3018 in
864 2974 937 3020 aere
958 2969 1137 3031 suspensus
1154 2957 1214 3016 est.
1231 2955 1326 3017 Verbi
1347 2953 1499 3035 ύπηλλαμ-
1547 2963 1551 2970 ·

317 3068 400 3148 μένοι
425 3066 464 3129 dv
487 3063 545 3129 εἶεν
569 3071 752 3145 subjectum
776 3075 827 3132 est
850 3071 879 3132 οἱ
898 3077 1014 3133 πολῖται
1036 3072 1111 3152 (non
1132 3075 1164 3136 οἱ
1180 3069 1325 3152 πένητες),
1345 3071 1498 3132 similiter

317 3185 441 3254 11151)
465 3184 555 3245 verbi
577 3181 803 3262 ἀπηλλύξονται.
827 3187 868 3248 Η.
893 3187 1034 3249 Jackson
1059 3186 1179 3265 (ioum.
1206 3189 1241 3248 of
1262 3185 1375 3248 Philol.
1400 3186 1498 3255 1872)

316 3297 550 3372 grammaticae
581 3309 772 3360 succurrens
802 3301 842 3360 ci.
874 3296 1000 3377 πένητος
1034 3298 1117 3379 (gen.
1142 3301 1299 3376 subject),
1325 3299 1409 3373 quod
1433 3313 1496 3359 non

318 3413 427 3472 minus
457 3412 554 3485 friget
584 3427 682 3485 quam
714 3413 920 3474 Stallbaumii
952 3411 1062 3492 (1858)
1089 3415 1259 3475 inventum
1284 3411 1388 3482 πενίας
1412 3413 1442 3482 (i.
1468 3427 1496 3471 e.

317 3521 474 3602 πενήτων).
505 3525 592 3586 Ante
623 3522 749 3604 ἀπορίας
781 3542 845 3587 non
877 3528 1169 3602 interpungendum
1201 3529 1252 3588 est
1282 3540 1387 3600 neque
1414 3525 1498 3586 infra

319 3639 395 3699 ante
415 3635 469 3696 ὅσα
487 3659 525 3696 τε.
546 3638 620 3698 Mox
638 3639 735 3698 unius
757 3640 824 3699 cod.
846 3633 926 3701 Vsn¹
949 3637 978 3706 Ξ
993 3643 1026 3702 et
1042 3637 1498 3717 8101)οείΙοο1παιι1οτροφ1αις

320 3750 495 3826 probarunt
525 3751 633 3826 Steph.
664 3753 727 3812 Ast
757 3753 880 3830 stallo„
912 3758 999 3816 recte
1031 3758 1126 3831 putc;
1159 3755 1311 3833 similiter
1334 3755 1367 3815 in
1392 3753 1455 3815 459
1468 3754 1498 3812 A

320 3867 392 3926 Par.
421 3865 450 3924 Α
473 3866 627 3927 mendose
650 3867 838 3927 παιδοποιίαν
862 3884 919 3943 pro
942 3871 1007 3931 dat.
1032 3871 1113 3944 plur.
1138 3870 1278 3930 exhibet.
1306 3901 1346 3912 -
1370 3869 1407 3928 In
1430 3882 1497 3941 pro-

319 3979 420 4040 ximis
454 3980 524 4041 dele
557 3983 639 4055 part.
672 3980 865 4061 παραδόντες,
895 3984 1222 4058 interpretamentum
1254 3981 1344 4042 vocis
1375 3977 1499 4057 θέμενοι

322 4091 418 4170 (unde
440 4094 589 4171 ταμιεύειν
612 4095 750 4167 pendet).
775 4097 813 4156 In
834 4112 851 4156 e
872 4111 935 4158 uno
957 4097 1086 4159 Stobaei
1106 4097 1196 4159 codd.
1217 4093 1499 4175 supercrescente

319 4208 468 4285 ταμιεύειν
492 4211 695 4273 collocatum.
722 4244 762 4254 -
787 4211 992 4286 Optimorum
1013 4213 1101 4273 codd.
1124 4207 1499 4285 etStobaeilect.dc'1ia

321 4321 389 4398 (pro
424 4322 517 4401 δειλά)
551 4327 742 4400 receperunt
772 4325 845 4386 inde
877 4341 896 4386 a
927 4326 1073 4387 Bekkero
1105 4341 1220 4386 omnes
1251 4324 1342 4386 editt.
1373 4336 1499 4384 necnon

355 4517 374 4580 ¹)
391 4521 531 4580 Postquam
546 4521 618 4581 prius
633 4521 701 4581 δῆλον
715 4521 818 4579 excidit,
832 4521 940 4568 verbum
961 4519 1163 4586 προστετάξεσθαι
1181 4523 1308 4568 mutatum
1330 4521 1356 4566 in
1371 4522 1501 4581 npouaeeaed-

320 4597 388 4651 ξοται.
412 4597 508 4646 Similis
531 4601 687 4648 constructio
709 4602 821 4648 occurrit
843 4603 892 4648 485
906 4601 981 4648 A....
1001 4603 1211 4661 ὠμολογὴούω....
1225 4601 1303 4658 Ὡμολ.
1323 4601 1369 4646 Καὶ
1386 4598 1433 4659 μὴν
1450 4594 1502 4662 (sc.

321 4675 375 4742 ὡμ.)
393 4684 439 4726 κτλ.
