3417 5175
542 1502 715 1596 LIBER
739 1513 1003 1615 QUINTUS.

23 1839 120 1899 Staph.
140 1840 204 1897 Peg.

23 1960 92 2018 449
124 1953 156 2019 A
227 1960 456 2036 corrigendum
475 1966 614 2027 arbitror
631 1967 714 2038 (0011.
735 1967 838 2029 4450
860 1969 920 2028 ult.
934 1965 984 2027 καὶ
995 1977 1095 2047 ψυχῆς
1107 1967 1220 2047 τρόποι)
1232 1968 1359 2047 τρόπους

184 2071 404 2155 [κατασκευήν],
428 2079 504 2151 quia
527 2079 662 2153 uulgata
683 2079 833 2142 balbutit.
854 2081 961 2141 Minus
979 2084 1066 2143 reete
1086 2082 1164 2143 olim
1183 2083 1245 2143 Ast
1261 2090 1360 2160 ψυχῆς

182 2188 311 2251 delevit.
344 2190 489 2264 Sequens
519 2189 577 2269 ἔφη
608 2193 681 2254 Par.
712 2194 742 2253 Α
773 2194 896 2271 omisit.
924 2195 999 2255 Mox
1022 2196 1167 2270 praestat
1189 2196 1296 2269 legere
1319 2187 1359 2277 ᾖα

183 2299 275 2374 αὐτὰς
297 2300 404 2382 ἐφεξῆς
426 2302 512 2383 ἐρῶν,
533 2321 597 2379 qua
619 2307 847 2368 emendatione
872 2308 1042 2381 sequentia
1066 2306 1105 2379 ὥς
1129 2329 1179 2385 μοι
1201 2312 1251 2367 uri
1276 2325 1359 2369 oom-

129 2410 359 2480 (lmodiorem
389 2423 588 2481 structuram
620 2421 863 2482 nanciscuntur.
896 2412 916 2505 ΙΙ
945 2422 1150 2496 Optimorum
1174 2423 1263 2483 codd.
1287 2423 1360 2483 lect.

182 2528 222 2592 ἔτι
245 2529 302 2613 ἐγὼ
325 2526 409 2594 εἶπον
431 2537 498 2610 (pro
522 2531 576 2612 du,
598 2531 654 2615 ἐγὼ
677 2537 710 2605 ε.)
729 2535 818 2610 prob.
840 2550 955 2596 omnes
976 2536 1067 2597 editt.
1088 2538 1227 2611 (praeter
1250 2536 1359 2612 Steph.

182 2647 245 2708 Ast
272 2647 384 2709 Stallb.
414 2649 526 2709 Herm.
559 2649 723 2711 Harwerd.
759 2649 823 2710 Mn.
849 2650 956 2726 1883),
980 2651 1071 2726 mule,
1098 2651 1182 2724 quod
1206 2652 1246 2711 ad
1270 2653 1360 2725 prius

181 2759 211 2819 τί
237 2759 362 2837 μάλιστα
391 2762 588 2823 Adimantus
618 2763 685 2823 iam
715 2765 936 2840 responderat,
967 2764 1077 2836 itaque
1103 2765 1217 2824 rustiei
1242 2763 1360 2825 fuisset

180 2875 301 2936 iterum
320 2876 517 2949 interrogare
535 2874 565 2934 τί
581 2874 713 2952 μάλιστα.
733 2877 925 2950 Exquisitus
945 2877 1001 2936 ille
1020 2891 1076 2950 per
1097 2875 1140 2935 du
1160 2892 1237 2937 curn
1255 2878 1360 2952 ellipsi

180 2989 313 3062 rogandi
349 2990 475 3064 modus,
508 2989 602 3049 euius
636 2990 825 3064 exemplum
859 2989 927 3049 iam
963 2990 1069 3050 34311
1103 2989 1300 3064 invenimus,
1341 3007 1361 3050 a

181 3101 347 3162 Graeculis
376 3117 440 3162 non
471 3102 658 3163 intellectus
687 3102 758 3178 fuit,
790 3102 1003 3176 quamobrem
1034 3103 1184 3177 perdocte
1209 3102 1270 3163 sibi
1296 3118 1359 3164 eor·

179 3216 305 3277 rexisse
329 3217 520 3278 videbantur
542 3213 582 3275 ἔτι
605 3231 661 3290 pro
685 3213 729 3275 ὅτι
751 3215 988 3276 substituendo.
1012 3216 1063 3276 Ad
1087 3213 1131 3275 du
1154 3219 1264 3276 mente
1286 3233 1357 3291 sup·

180 3330 272 3404 pleas
300 3324 350 3407 ἐμὲ
380 3328 436 3390 οὐκ
459 3326 570 3406 ἀφίετε,
593 3329 655 3390 vid.
680 3330 721 3390 ad
744 3330 808 3389 343
821 3329 860 3389 Α.
887 3362 928 3372 -
952 3329 1032 3389 Vide
1056 3344 1098 3389 an
1123 3330 1221 3390 verba
1246 3328 1295 3388 ἵνα
1320 3328 1360 3407 μὴ

181 3440 303 3528 διέλθῃς
334 3445 445 3519 spuria
475 3445 552 3520 sint,
584 3443 665 3504 milri
696 3443 815 3503 saltem
848 3442 1023 3502 admodum
1056 3441 1172 3515 frigere
1202 3442 1360 3504 videntur.

180 3558 251 3617 vam
274 3559 299 3619 L
321 3555 357 3617 τὰ
377 3566 437 3618 τῶν
460 3557 556 3633 φίλων
579 3557 665 3632 prob.
689 3557 752 3617 Ast
771 3558 805 3616 et
824 3556 938 3616 Stallb.
958 3556 1080 3634 (1858),
1104 3571 1167 3629 quo
1186 3571 1250 3616 non
1271 3572 1361 3630 opus,

180 3674 215 3732 at
248 3672 472 3746 corrigendum
503 3673 554 3732 est
582 3669 625 3730 ὅτι
650 3667 765 3744 <τὸ>
791 3666 879 3728 κοινὰ
902 3665 938 3727 τὰ
961 3667 1057 3744 φίλων
1080 3666 1172 3745 ἔσται,
1194 3672 1230 3729 ut
1253 3671 1361 3729 13411

180 3784 308 3846 dixerat
336 3783 411 3844 κατὰ
440 3782 496 3862 τὴν
525 3782 705 3862 nepotulum
735 3782 775 3844 of.
800 3783 896 3857 Hipp.
921 3783 994 3844 Mai.
1022 3783 1123 3843 sodli
1147 3784 1206 3844 ult.
1231 3781 1284 3859 τὴν
1308 3781 1363 3861 γὰρ

180 3897 343 3976 παροιμίαν
373 3897 391 3958 ὅ
420 3897 450 3957 τί
476 3918 547 3958 ποτε
578 3893 663 3976 λέγει,
691 3893 732 3956 τὸ
763 3893 875 3974 χαλεπὰ
897 3893 933 3954 τὰ
956 3894 1045 3972 καλά,
1068 3895 1147 3955 δοκῶ
1171 3917 1221 3973 μοι
1244 3891 1364 3954 εἰδέναι.

181 4012 227 4073 Da
257 4011 314 4073 illa
343 4012 572 4073 communione
602 4012 737 4084 egerunt
763 4011 848 4070 inter
879 4010 960 4070 alios
992 4010 1026 4069 ll.
1055 4026 1087 4070 v.
1118 4010 1364 4070 Vooarnurzar

185 4126 249 4203 ,De
280 4126 426 4187 Platonis
451 4125 597 4187 doctrina
623 4125 662 4185 de
685 4123 913 4186 communione
938 4123 1105 4198 bonorum,
1131 4123 1306 4182 mulierum
1330 4123 1364 4181 et

181 4241 356 4302 liberorum
387 4239 422 4300 in
452 4238 544 4300 libris
575 4239 614 4300 de
638 4237 676 4298 R.
700 4238 736 4298 P.
760 4238 944 4311 proposita’
969 4237 1053 4297 Diss.
1082 4236 1166 4296 1850
1192 4234 1308 4294 Ultrai.
1333 4235 1366 4295 et

181 4355 234 4417 Dr.
266 4355 446 4416 3110011111
480 4353 562 4429 ,Der
588 4352 869 4423 zusammenhang
891 4351 947 4412 der
969 4350 1103 4410 familie·
1129 4347 1194 4408 und
1218 4349 1365 4421 gnterge·

127 4475 159 4540 Ι)
183 4470 300 4531 meins.
320 4470 378 4530 des
399 4469 524 4530 Platon.
546 4467 676 4528 Staates
696 4465 767 4525 eto”
792 4464 887 4524 1893.
901 4462 985 4524 Bsrl.
999 4477 1087 4538 prog.
1109 4453 1128 4545 ΙΙ
1153 4460 1362 4535 Partioipium

184 4583 316 4662 οἰόμενοι
347 4600 365 4645 0
396 4598 461 4656 mg.
489 4581 659 4654 irrepsisse
682 4579 769 4653 puto.
795 4611 836 4620 -
860 4576 935 4637 Mox
958 4591 1044 4636 unus
1067 4576 1135 4636 cod.
1160 4570 1367 4650 druuptpooo,

183 4699 325 4774 praebet,
364 4697 449 4758 unde
484 4695 630 4770 suspicor
665 4692 831 4753 Platonem
869 4691 996 4759 dedisse
1032 4687 1069 4764 δὴ
1104 4685 1264 4766 θρέψουσι.
1304 4691 1363 4751 Pro
