3417 5175
833 337 838 345 ι

395 370 401 385 ι
459 374 463 383 .
499 367 505 377 ·
551 364 559 374 ¹
591 366 596 372 ·
623 364 685 377 n..
774 365 782 378 ,
817 347 822 357 “

436 386 442 394 ”
522 383 525 392 “
575 382 612 395 ‘⁸
678 382 687 393 ⁸
733 382 742 395 ο
856 381 861 391 ι

389 397 409 416 ν“
439 403 444 412 ι
487 392 577 423 ¹13⁸.
654 397 685 416 r,
730 394 735 407 ν
769 399 788 420 ,Δ
865 384 926 445 102

383 428 389 439 ¹
459 415 579 441 5⁹⁸e·‘
611 413 686 438 ''s'i
734 418 791 438 ’,τι
854 414 863 428 ι

395 430 417 457 ι.
461 442 481 455 -c
576 439 613 458 ι,
679 446 686 453 ,
726 435 739 453 4
817 445 855 461 ¹st

374 464 381 474 '
519 462 528 477 Ο
679 459 702 470 *ι
732 458 758 475 ,α

308 570 394 631 male
429 572 622 645 probarunt;
657 569 833 631 verisimile
868 572 919 630 eet
954 585 1029 631 eam
1062 572 1237 633 lectionem
1267 574 1489 649 dittographia
1678 510 1679 583 Ῑ

194 668 196 672 ’
254 686 285 750 Ι)
309 685 414 743 ortam
438 699 521 744 esse.
546 675 565 766 ΙΙ
589 683 754 743 Herwerd.
779 683 853 753 (Mn.
882 682 977 754 1883)
1000 686 1075 758 post
1097 681 1135 744 ἂν
1160 687 1370 747 omissionem
1394 688 1489 747 verbi

305 788 325 878 ᾖ
355 811 450 870 aegre
481 797 589 858 ferens
619 797 658 858 ei.
688 792 728 873 ἣν
758 793 798 872 μὴ
830 796 1000 867 (Stobaeue
1030 793 1069 874 ἢν
1100 814 1157 873 pro
1186 795 1224 858 ίίν
1248 801 1375 876 exilia),
1399 801 1489 873 quod

305 909 505 984 probandum
530 943 571 953 -
596 910 669 969 vide
696 909 782 969 infra
810 906 918 985 μηδενὶ
950 901 1027 969 εἶναι
1058 906 1152 987 μηδὲν
1175 919 1311 973 τοιοῦτον
1334 911 1375 984 εἰς
1399 908 1415 972 ὃ
1439 912 1487 973 οὐ

305 1031 364 1093 τᾶς
386 1027 436 1082 ντί
460 1056 502 1067 -
525 1025 654 1098 propter
676 1022 884 1098 elegantiam,
908 1037 973 1082 non
996 1025 1124 1098 propter
1145 1026 1387 1102 necessitatem,
1409 1028 1489 1101 quia

306 1133 356 1212 εἰη,
372 1138 405 1196 et
424 1127 444 1218 ᾗ
462 1151 527 1196 non
546 1136 650 1196 semel
670 1151 720 1211 ap.
740 1135 910 1196 Platonem
930 1136 1136 1197 emittuntur.
1157 1138 1227 1199 Vid.
1250 1153 1300 1199 ex.
1317 1154 1363 1213 gn
1378 1141 1441 1200 371
1456 1142 1488 1199 Α

308 1239 351 1307 ὧν
370 1244 407 1307 ἂν
427 1247 527 1320 αὐτοῖς
546 1248 635 1328 χρεία,
656 1250 701 1310 De
721 1248 829 1309 verbis
849 1249 982 1309 omissis
1000 1250 1071 1310 vide
1092 1250 1241 1311 Schanzii
1261 1250 1385 1313 Comen.
1401 1253 1486 1313 Plat.

307 1362 417 1422 Novae
437 1362 555 1433 (1871).
577 1361 744 1422 Facillime
764 1363 876 1422 autem
896 1360 966 1421 fieri
986 1363 1091 1435 potuit
1110 1364 1147 1423 ut
1157 1366 1232 1438 post
1242 1362 1357 1443 ἀνάγκη
1370 1366 1489 1425 vocula

308 1467 582 1557 eihaplographie
604 1476 812 1551 intercident,
837 1475 923 1535 sient
949 1475 1050 1535 etiam
1082 1476 1117 1535 in
1149 1478 1211 1537 371
1233 1479 1262 1537 Α
1290 1479 1365 1539 ante
1388 1478 1488 1550 Κενός

257 1590 285 1654 ll
308 1586 420 1648 littera
447 1590 483 1646 H
503 1593 558 1659 l:
579 1581 610 1672 ᾖ)
634 1589 795 1649 excidisse
818 1587 915 1648 alieui
939 1587 1040 1647 videri
1063 1590 1180 1663 potest.
1202 1580 1222 1671 ΙΙ
1242 1590 1347 1651 Verba
1373 1598 1488 1669 χρυσοῦ

307 1699 414 1777 κτήσει.
429 1704 503 1775 pest
524 1705 642 1779 θνητοῦ
666 1702 801 1762 delenda
824 1702 912 1775 sunt,
937 1715 1001 1761 non
1022 1701 1118 1761 modo
1138 1702 1214 1775 quia
1233 1703 1407 1779 abundant,
1428 1705 1488 1765 sed

309 1814 385 1887 quia
403 1814 526 1893 χροσίοο
546 1815 718 1877 dicendum
734 1816 813 1874 erat.
829 1846 869 1857 -
882 1814 1047 1875 Dobraeus
1060 1814 1205 1885 (Advere.
1222 1816 1317 1887 1830)
1331 1818 1488 1891 Stephani

310 1932 386 1998 (νον
406 1929 506 1998 codd.)
530 1928 704 1992 lectionem
726 1924 808 2006 παρὰ
831 1938 898 2002 (pro
922 1924 998 2005 περί)
1019 1924 1051 1987 τὸ
1071 1935 1130 1987 τῶν
1149 1931 1266 1988 πολλῶν
1286 1945 1350 1990 non
1369 1932 1486 2006 impro-

309 2042 407 2101 babat
437 2042 558 2117 („mala
588 2041 628 2101 ab
652 2056 730 2101 auro
753 2041 922 2111 fluxisse”)
946 2041 1073 2114 egregie
1097 2041 1211 2104 falsus.
1236 2042 1360 2104 Audaci
1385 2047 1487 2105 meta·

309 2156 410 2230 phora
433 2155 525 2215 Plato
549 2154 582 2213 in
606 2155 669 2214 417
693 2154 737 2213 in.
761 2153 841 2213 illud
865 2167 982 2214 aurum
1002 2151 1148 2214 divinum
1168 2152 1298 2232 νόμισμα
1319 2157 1488 2231 appellens

285 2283 288 2288 ·
310 2269 482 2329 custodum
505 2269 645 2329 virtutes
667 2267 809 2339 intelligi
829 2266 942 2328 voluit.

165 2393 228 2451 417
258 2386 288 2453 Α
356 2379 617 2442 DoctieeimusO.
630 2379 729 2454 Apelt
739 2379 867 2453 (aymn.
881 2379 1181 2439 Jahreeb.Weimar
1196 2380 1280 2441 1880
1296 2381 1486 2457 „observat

308 2495 409 2554 atilio.
433 2495 467 2553 in
490 2494 635 2554 Platonis
658 2492 841 2567 Dialogos'’)
864 2493 902 2553 ci.
923 2490 983 2552 ὑπὸ
996 2475 1054 2554 Ιτὸν
1074 2490 1173 2552 αὐτῶν
1194 2489 1308 2573 ὄροφον
1329 2492 1488 2574 προσιέναι

308 2608 401 2683 („eub
424 2610 511 2668 teeto
534 2623 593 2667 suo
617 2608 790 2682 reciperet
813 2607 884 2668 eoll.
906 2607 1053 2682 Xenoph.
1073 2608 1175 2669 Anab.
1198 2610 1227 2670 4.
1250 2611 1279 2670 5.
1307 2609 1378 2670 5οί
1392 2609 1487 2670 αοίίοι

307 2720 432 2800 ἥκοντες.
452 2719 489 2780 οὐ
512 2719 673 2799 προσίεσαν
695 2718 769 2798 πρὸς
791 2718 825 2780 τὸ
848 2727 909 2799 πῦρ
933 2718 1003 2792 τοὺς
1026 2716 1195 2798 ὀψίζοντας,
1218 2723 1357 2782 melani
1378 2723 1485 2800 fallor,

307 2835 385 2909 quia
404 2836 475 2894 tum
495 2836 569 2909 pest
588 2832 620 2894 τὸ
639 2833 888 2913 μεταχειρίζεσθαι
907 2831 958 2897 καὶ
978 2831 1125 2892 ἅπτεσθαι
1137 2835 1317 2909 tautologia
1327 2838 1485 2898 nascitur.

309 2947 418 3008 Αὐτῶν
441 2949 509 3008 iam
532 2949 657 3009 Faehse
680 2948 809 3022 (Syllog.
834 2948 907 3009 leet.
932 2963 962 3022 p.
990 2949 1064 3018 176)
1087 2948 1284 3024 coniecerat;
1305 2951 1338 3009 in
1358 2950 1435 3010 Ρ3το
1456 2953 1488 3012 Α

309 3061 408 3122 αὐτῶν
428 3063 530 3123 fuisse
550 3063 677 3123 videtur
696 3065 772 3122 ante
791 3062 935 3123 lituram.
956 3062 994 3121 In
1014 3061 1069 3130 §B
1089 3061 1159 3122 dele
1180 3063 1278 3124 verba
1297 3060 1489 3141 καὶμᾶλλον,

309 3179 382 3238 vide
408 3178 495 3238 dicta
517 3178 564 3237 ad,
582 3177 647 3236 393
667 3176 703 3235 D.
