3417 5175
915 388 955 447 70

347 574 398 637 ναί
428 577 516 638 valet
551 576 715 653 „etiam'’),
738 575 956 636 Herwerdeno
981 574 1068 645 (1.1.)
1093 576 1204 635 autem
1227 576 1326 636 verba
1347 572 1398 633 καί
1422 576 1520 654 πρεοβ.

346 687 533 770 γιγνομένοις
563 690 674 764 spuria
705 704 777 749 esse
809 689 882 749 visa
917 690 1003 748 sunt.
1039 688 1106 748 Aut
1140 687 1274 762 vulgata
1308 689 1521 763 interpunctio

346 804 506 864 servanda
535 805 586 864 est
617 803 675 873 (ita
705 805 742 862 ut
776 802 831 863 ille
854 802 986 862 dativus
1013 802 1122 863 valeat
1144 800 1218 881 πρὸς
1242 798 1318 861 αὐτὰ
1340 802 1521 881 πρεσβύτερα

345 939 413 995 γιγ,
441 917 535 991 quasi
564 932 628 977 non
659 913 733 994 πρὸς
762 912 798 974 τὰ
829 914 946 991 παιδία,
977 915 1034 975 sed
1064 918 1126 987 τοῖς
1157 914 1288 987 παιδίοις
1319 915 1459 976 dixisset
1474 910 1519 991 111,
1589 961 1592 967 ¹

346 1032 430 1103 quod
449 1046 508 1105 ego
527 1032 656 1105 propter
675 1045 744 1090 voc.
765 1027 861 1099 εὐθὺς
881 1028 1103 1089 necessarium
1120 1029 1201 1090 duco
1213 1030 1271 1089 aut
1282 1030 1346 1091 tria
1356 1029 1415 1089 illa
1426 1030 1521 1089 verba

346 1160 421 1204 cum
452 1144 668 1204 Herwerdeno
698 1143 921 1217 expungenda.
952 1142 1066 1202 Omnis
1091 1143 1360 1217 interpunctionis
1384 1144 1519 1203 mutatio

347 1258 558 1333 vituperanda
580 1259 641 1333 est,
666 1256 741 1330 quia
765 1256 812 1316 illi
836 1271 933 1317 senes
956 1256 990 1317 et
1015 1256 1162 1317 aniculae
1186 1252 1323 1335 λέγουσιν
1346 1252 1365 1314 a
1390 1256 1422 1316 oi
1438 1276 1520 1334 ποιη-

344 1368 392 1432 ταλ
421 1376 640 1451 λογοποιοῦσιν.
672 1370 799 1445 Optime
832 1370 945 1459 Stailb.
975 1370 1083 1440 (1829)
1108 1371 1147 1430 ci.
1171 1367 1258 1450 ἐγγύς
1286 1370 1384 1446 <τι>
1412 1371 1520 1431 τούτων

291 1484 323 1549 Ι)
346 1488 404 1543 κτλ.
429 1476 448 1567 ΙΙ
472 1486 518 1545 De
540 1483 649 1545 verbis
681 1481 807 1559 δεσμοὺς
840 1479 901 1541 ὑπὸ
933 1478 1001 1553 ὑέος
1026 1483 1089 1543 vid.
1114 1484 1200 1543 dicta
1223 1484 1263 1543 ad
1288 1484 1401 1545 37711.
1427 1484 1519 1544 Pauci

291 1640 294 1646 ·
347 1599 436 1660 codd.
470 1596 542 1669 Διὸς
572 1612 628 1672 pro
654 1593 722 1667 ὑέος
746 1597 911 1670 exhibent,
935 1611 1018 1669 quae
1041 1595 1077 1654 V.
1102 1598 1136 1657 L.
1162 1598 1227 1657 iam
1253 1597 1436 1670 antiquitus
1458 1612 1519 1672 per·

349 1712 480 1785 vulgata
511 1712 590 1771 erat.
617 1710 748 1785 Gampb.
774 1709 941 1783 vulgatam
971 1705 1060 1780 (ὑέος)
1085 1724 1161 1770 cum
1184 1710 1278 1770 Astio
1301 1710 1454 1771 defendit.
1479 1712 1521 1771 De

347 1825 404 1885 illa
434 1825 543 1885 fabula
574 1824 649 1884 audi
682 1824 883 1885 clementem
917 1838 967 1898 ap.
1000 1823 1133 1884 suidam
1165 1824 1198 1884 in
1230 1840 1308 1885 voce
1322 1819 1405 1902 Ἥρα
1434 1822 1521 1902 (παρὰ

260 1951 264 1958 ’
348 1937 492 2023 Πινδάρῳ
512 1936 623 2018 γὰρ-
637 1933 773 2016 εοἭρα
787 1970 827 1981 -·-
841 1934 901 1997 ὑπὸ
909 1931 1076 2012 Ἡφαίστου
1089 1936 1259 2014 aeratam
1271 1935 1303 1997 ἐν
1314 1948 1353 2021 τῷ
1366 1932 1416 1997 ὑπ’
1431 1938 1520 1999 αὐτοῦ

348 2049 617 2113 κατασκευασθέντι
645 2049 757 2135 θρόνῳ.
775 2045 818 2109 Ἡ
836 2049 949 2128 ἱστορία
972 2046 1022 2109 καὶ
1044 2046 1127 2129 παρὰ
1145 2044 1316 2135 Ἐπιχάρμῳ
1339 2049 1372 2110 ἐν
1396 2055 1520 2129 Κωμασ-

347 2170 410 2239 ταῖς
440 2163 460 2245 i)
485 2161 661 2250 Ἡφαίστῳ),
693 2165 845 2225 Photium
878 2165 912 2227 at
943 2164 1139 2225 Pausaniam
1164 2166 1179 2224 Ι
1207 2167 1249 2225 20
1274 2162 1395 2245 (λέγεται
1419 2162 1521 2225 δὲκαὶ

349 2279 418 2339 τάδε
448 2285 526 2353 κτλ).
551 2281 622 2341 Vlm
652 2282 676 2341 L
700 2277 825 2357 ἀμυνεῖν
848 2278 974 2341 Bakker
1001 2281 1132 2357 recepit,
1158 2280 1243 2341 sicut
1267 2281 1373 2342 3740
1395 2278 1520 2361 ἀπεργά-

351 2399 457 2454 σεσθαι
486 2396 708 2471 patrocinatus
740 2394 819 2455 erat.
852 2394 931 2454 Post
961 2390 1075 2470 μέλλειν
1102 2396 1141 2465 (si
1165 2394 1290 2470 „velle”
1314 2396 1520 2472 valeti'prae·

351 2524 427 2569 sens
459 2511 492 2568 et
522 2509 670 2569 futurum
692 2509 875 2583 promiscue
901 2500 1107 2584 usurpantur.
1131 2509 1290 2570 Eusebius
1314 2508 1331 2570 a
1353 2532 1380 2569 ιι
1404 2510 1445 2590 μὴ
1467 2528 1522 2588 pro

297 2617 365 2688 lla
396 2620 436 2699 μὺ
467 2623 608 2697 praebet.
634 2615 653 2706 ΙΙ
678 2623 841 2684 Venatum
872 2625 907 2681 Π
930 2620 1007 2683 αὐτὰ
1030 2621 1101 2682 tcta
1125 2627 1193 2699 (pro
1215 2631 1307 2684 ταῦτα
1331 2624 1411 2705 ἄιτα)
1438 2627 1520 2688 exbi-

349 2737 482 2797 bentem
513 2737 617 2798 secuti
644 2740 720 2798 sunt
744 2735 845 2798 Bekk.
871 2739 904 2797 et
926 2737 1050 2813 Astius,
1074 2739 1159 2811 quod
1181 2741 1269 2799 recte
1293 2740 1409 2813 reliqui
1433 2741 1521 2800 editt.

349 2850 581 2926 improbarunt.

202 2966 266 3027 379
294 2962 324 3030 A
393 2964 498 3025 Verba
521 2961 573 3023 ἐάν
596 2985 625 3024 ιε
648 2962 681 3023 ἐν
704 2960 818 3041 μέλεσιν
841 2979 918 3025 curn
942 2965 1031 3026 Pars
1056 2966 1086 3025 A
1106 2966 1286 3027 omiserunt
1306 2967 1418 3028 Herm.
1440 2967 1522 3028 Bait.

348 3078 542 3139 Scbmelzer.
578 3078 713 3139 Videtur
746 3080 859 3140 autem
890 3079 1041 3140 librarius
1072 3081 1209 3140 Parisini
1236 3082 1304 3142 cod.
1328 3081 1524 3156 negligentia

348 3207 387 3252 ea
412 3193 512 3254 verba
534 3192 695 3269 omisisse,
720 3193 805 3254 sicut
827 3192 922 3268 paulo
946 3196 1020 3269 post
1045 3191 1094 3272 (B)
1119 3186 1159 3254 ΑΙ
1186 3196 1299 3256 omisit
1322 3193 1370 3272 μὴ
1394 3195 1524 3274 βλάπτει,

335 3304 439 3366 πανόν
462 3328 488 3365 τι
511 3311 594 3366 ποιεῖ
597 3329 606 3379 ;
630 3302 710 3368 Οὐδὲ
732 3314 827 3366 τοῦτο.
841 3300 881 3366 Ὃ
905 3304 937 3366 δέ
959 3329 991 3386 γε
1016 3304 1144 3385 (μηδὲν
1163 3307 1256 3370 κακὸν
1275 3307 1347 3388 κτλ).
1366 3310 1523 3385 Exempla

227 3464 229 3467 .
347 3438 390 3482 ex
419 3422 562 3482 Homero
592 3422 695 3496 petita
725 3418 806 3499 (ἔπη)
834 3421 949 3484 statim
973 3422 1104 3496 quidem
1129 3424 1249 3498 excipit
1272 3425 1460 3500 exemplum
1484 3439 1524 3484 ex

348 3536 510 3609 Aeschylo
541 3532 723 3620 (τραγῳδία),
756 3538 813 3597 sed
845 3536 878 3595 in
903 3537 965 3596 381
991 3537 1017 3596 D
1040 3539 1169 3612 praeter
1191 3537 1372 3598 Homerum
1397 3535 1523 3613 (odyss.

351 3651 401 3711 17.
434 3646 511 3727 485)
545 3652 578 3711 et
607 3650 748 3723 tragicos
780 3649 881 3711 etiam
912 3649 967 3710 alii
989 3651 1105 3724 poetae
1129 3652 1368 3711 memorantur:
1395 3645 1467 3728 μηδ’
1495 3647 1525 3709 ἐν

348 3766 408 3835 τοῖς
439 3759 537 3834 ἄλλοις
567 3762 738 3840 ποιήμασιν.
767 3762 985 3838 campbellius
1009 3764 1108 3838 igitur
1131 3766 1218 3825 reete
1242 3779 1281 3824 ea
1309 3745 1406 3824 verba
1431 3762 1525 3842 (quac

348 3879 381 3937 et
422 3876 581 3938 Eusebius
622 3875 730 3955 habet)
773 3879 885 3938 servat
923 3877 1099 3939 arbitratus
1133 3878 1200 3937 iam
1234 3877 1287 3938 hic
1321 3877 1385 3938 tria
1418 3877 1525 3952 poesis

346 4007 475 4068 genera,
499 3993 538 4052 de
561 3990 678 4064 quibus
697 3991 730 4052 in
749 3993 813 4052 ΠΙ0
830 3991 911 4053 libro
932 3990 973 4070 (p.
996 3989 1139 4069 aaa—4)
1153 3991 1258 4051 fusius
1270 3991 1386 4066 agitur,
1400 3990 1524 4065 respici.

171 4095 173 4098 ’
293 4114 322 4179 Β
346 4109 446 4168 Paulo
477 4108 554 4167 ante
584 4106 706 4180 corrige
736 4103 803 4183 περὶ
833 4105 993 4186 θεολογίαν
1017 4107 1087 4168 coll.
1115 4107 1178 4167 380
1204 4106 1236 4167 O.
1262 4097 1281 4189 ΙΙ
1305 4107 1342 4166 In
1365 4121 1432 4179 mg.
1458 4107 1523 4166 cod.

347 4221 568 4283 Malatestiani
597 4222 658 4280 hoc
690 4220 835 4282 scholion
866 4221 999 4294 iegitur:
1031 4229 1145 4300 πρῶτος
1174 4219 1266 4290 τύπος
1294 4219 1461 4298 θεολογίας,
1484 4217 1525 4278 ὅτι

380 4539 399 4600 ¹)
423 4543 518 4591 Similis
543 4545 762 4592 constructionum
788 4544 899 4590 mixtura
922 4545 1034 4590 occurrit
1056 4544 1168 4604 sophica.
1193 4543 1279 4591 248A
1300 4546 1390 4600 σώματι
1408 4544 1450 4600 pir
1469 4545 1524 4602 ἡμᾶς

342 4621 476 4682 yorinu,
494 4623 521 4669 δι’
542 4625 675 4682 alatrinum
691 4630 813 4677 κοινωνεῖν,
833 4623 872 4668 διὰ
890 4627 1002 4681 λογισμοῦ
1020 4624 1045 4670 a
1062 4628 1131 4685 ψυχῇ
1154 4622 1230 4686 πρὸς
1247 4621 1288 4681 τὴν
1305 4621 1375 4676 ὄντας
1392 4625 1481 4675 οὐσίαν,
1501 4622 1526 4666 ai

343 4704 432 4761 Symp·
448 4701 526 4750 703Δ
544 4703 582 4749 διὰ
599 4706 682 4750 τούτου
699 4710 766 4751 πᾶσα
783 4707 830 4750 κτλ.
