3417 5175
754 406 793 467 31

186 598 351 674 trigerent,
383 597 440 657 sed
471 596 572 657 etiam
603 594 679 669 quia
701 594 735 653 in
759 595 823 655 340
843 593 869 654 Ε
893 594 949 654 ult.
974 595 1137 670 sophistes
1160 592 1210 655 τὸν
1234 590 1360 673 ἄρχοντα

188 712 343 773 definiens
374 712 472 772 simul
502 708 553 770 τὸν
583 707 701 789 κρείττω
730 692 914 785 definierat3
939 711 1065 771 dixerat
1089 711 1175 771 enim
1199 711 1231 770 in
1257 710 1360 770 3381)

189 825 302 887 οὐκοῦν
320 832 407 885 τοῦτο
426 828 534 904 κρατεῖ,
552 821 584 883 τὸ
604 819 703 902 άρχον.
725 824 803 884 Post
821 839 925 898 pauca
944 825 1066 885 Monac.
1089 840 1109 897 q
1128 822 1180 883 τὸν
1199 824 1321 907 (rob)
1340 823 1361 894 ¹)

187 929 306 1018 ἀκριβεῖ
331 936 408 1023 λόγῳ
439 939 524 998 recte
555 938 696 1013 exhibet,
728 940 765 997 ut
792 937 825 998 in
849 941 867 1009 8
892 938 1087 1013 elegimus.
1113 940 1277 1001 Benedicti
1301 950 1361 1000 cam

187 1047 223 1111 ὃν
243 1049 339 1128 νυνδὴ
360 1052 417 1123 (sic
436 1051 618 1125 legendum)
640 1048 732 1130 ἔλεγες
751 1051 927 1126 probarunt
945 1052 1057 1113 Herm.
1076 1053 1360 1129 Hirschigllsslssl,

188 1166 271 1227 Bait.
295 1165 417 1226 Wohlr.
450 1165 592 1242 damph,
625 1168 728 1241 recte3
753 1166 786 1225 iu
809 1166 880 1226 Par.
905 1166 934 1226 A
957 1161 1029 1227 911
1053 1183 1167 1229 rasura
1191 1169 1360 1243 scriptum.

136 1274 162 1340 0
186 1279 232 1341 Of.
256 1281 290 1340 in
312 1280 331 1349 ὅ
352 1279 375 1340 O
398 1275 433 1338 tv
457 1276 521 1359 άρτι
545 1281 576 1351 (i.
600 1295 627 1339 θ.
655 1277 759 1355 νυνδὴ)
783 1277 884 1358 ἔλεγες.
910 1271 930 1363 Η
955 1281 1158 1355 Hirschigius
1185 1254 1244 1352 (ed.
1266 1282 1360 1355 Gorg.

191 1394 286 1463 1873)
317 1395 414 1454 verba
444 1391 494 1452 καὶ
520 1397 718 1467 συκοφαντεῖν
744 1393 942 1471 Θρασύμαχον
966 1395 1119 1469 probante
1145 1394 1262 1455 Cobeto
1286 1396 1360 1465 (Mn.

190 1508 275 1568 1874
298 1496 328 1581 p.
355 1508 428 1578 149)
451 1506 595 1567 sustulit.
619 1507 688 1566 Iam
713 1506 746 1565 in
770 1508 834 1565 336
855 1507 880 1566 B
905 1507 1053 1568 Socrates
1070 1506 1360 1583 'Thrasymachum

187 1623 238 1693 (de
269 1636 332 1695 quo
362 1623 479 1682 Athen.
511 1619 660 1698 διαβάλλει
691 1615 724 1678 δὲ
754 1616 770 1678 ὁ
801 1619 926 1679 Πλάτων
950 1618 1000 1680 καὶ
1027 1621 1234 1701 Θρασύμαχον,
1259 1620 1364 1700 ὅμοιον

187 1728 264 1794 εἶναι
293 1732 385 1814 λέγων
416 1744 455 1817 τῷ
486 1729 618 1811 ὀνόματι)
646 1748 726 1821 ‚cum
755 1734 863 1806 aliquo
895 1732 993 1818 θηρίῳ
1018 1737 1253 1813 composuerat,
1278 1752 1364 1797 nuuc

186 1851 297 1911 autem
328 1864 405 1910 eum
427 1848 531 1923 lepide
554 1849 682 1910 leonem
708 1849 859 1925 appellat,
885 1851 920 1909 ut
945 1850 1042 1910 verba
1067 1846 1116 1908 καὶ
1140 1867 1204 1910 eon.
1232 1850 1363 1927 Θρασύμ.

186 1978 319 2038 prorsus
348 1963 497 2036 frigeant.
529 1962 712 2036 Hirschigio
743 1963 1032 2037 obtemperandum
1058 1979 1184 2040 censeo,
1210 1965 1272 2024 etsi
1296 1965 1363 2024 iam

187 2077 348 2138 Aristides
367 2092 406 2138 ea
426 2076 524 2137 verba
543 2077 661 2149 legisse
684 2075 818 2137 videtur.
836 2108 874 2118 —
889 2076 963 2136 Mox
984 2077 1147 2137 Herwerd.
1167 2077 1243 2149 (Mn.
1268 2078 1363 2147 1883)

191 2191 286 2252 verba
315 2188 365 2250 καὶ
397 2187 459 2270 λέγε
490 2187 542 2249 τὸν
572 2200 611 2273 τῷ
643 2185 704 2248 ὄντι
735 2187 836 2267 ἰατρὸν
868 2185 939 2248 ὄντα
967 2190 1063 2266 delet,
1087 2179 1174 2251 male
1195 2192 1229 2251 ni
1253 2192 1363 2267 fallor,

188 2305 310 2366 etenim
343 2320 416 2365 cum
451 2304 481 2365 vi
512 2303 591 2364 illud
622 2300 673 2362 τὸν
704 2313 743 2386 τῷ
776 2299 837 2361 ὄντι
871 2301 971 2381 ἰατρὸν
1002 2300 1072 2362 ὄντα
1097 2305 1245 2366 Socrates
1269 2307 1366 2365 iterat

190 2419 374 2481 veritusne
394 2418 459 2479 luet
479 2434 517 2478 ac
534 2417 738 2479 fallaciarum
757 2418 872 2492 plenus
893 2418 1063 2492 Thrasym.
1083 2418 1198 2479 callido
1211 2434 1365 2495 responso

189 2533 273 2595 elabi
304 2536 447 2609 conetur,
480 2532 519 2594 cf.
553 2548 603 2593 ex.
636 2547 682 2607 gr.
713 2533 777 2593 845
797 2532 823 2592 Β
848 2528 921 2592 ἀλλὰ
943 2540 1060 2611 πρῶτον
1084 2529 1148 2610 μέν,
1170 2528 1189 2592 il
1212 2528 1250 2593 dv
1274 2531 1368 2618 εἴτῃς,

189 2645 294 2724 ἔμμενε
323 2646 517 2718 τούτοις....
548 2644 598 2704 καὶ
628 2640 706 2723 ἡμᾶς
736 2644 776 2722 μὴ
808 2643 937 2718 ἐξαπάτα
957 2644 1044 2717 ’(9011
1067 2644 1140 2726 λέγε,
1165 2613 1250 2709 sicut
1274 2650 1306 2708 in
1332 2643 1367 2706 liv

189 2758 254 2840 άρτι
285 2759 388 2839 ἔλεγες,
418 2759 580 2835 significat
613 2760 666 2836 ,in
697 2760 806 2820 animo
839 2761 931 2836 haba,
964 2760 1070 2834 cogita
1101 2761 1173 2837 de”‚
1202 2761 1241 2822 cf.
1266 2762 1366 2822 etiam

140 2873 272 2939 llPhil.
309 2875 397 2935 84Β
432 2875 513 2945 ult).
539 2866 656 2958 1111116
691 2873 829 2949 Oampb⁰
861 2889 924 2934 vox
955 2881 1022 2949 νῦν,
1053 2875 1145 2934 cuius
1176 2875 1243 2934 iam
1272 2876 1366 2936 sedes

189 2987 322 3047 insolita
352 2989 412 3062 est,
444 2988 617 3064 displicuit,
649 3003 727 3049 narn
760 2989 921 3048 medicina
948 3002 1012 3049 non
1036 2988 1122 3048 siout
1145 2988 1365 3062 sophistarum

190 3115 244 3160 ars
268 3100 401 3160 Platone
433 3101 563 3160 vivente
594 3117 707 3163 recens
739 3102 872 3162 inventa
895 3104 976 3176 erat,
1001 3115 1200 3174 quamquam
1222 3100 1368 3162 Platonis

56 3255 61 3262 ·
189 3214 298 3274 aetate
341 3213 545 3288 Hippocratis
586 3214 731 3275 doctrina
772 3214 963 3289 meritisque
1003 3199 1096 3287 quasi
1138 3215 1251 3274 renata
1286 3216 1366 3290 erat,

189 3342 250 3387 nec
281 3334 338 3385 νῦν
370 3343 426 3402 per
452 3328 567 3388 idcirco
589 3329 715 3388 vertere
739 3327 814 3388 licet
840 3328 945 3388 verbis
970 3325 1019 3387 διὰ
1043 3334 1133 3386 ταῦτα
1158 3329 1367 3402 praegressis.

190 3442 361 3501 Assentior
402 3442 502 3515 igitur
544 3441 681 3515 camph0
723 3436 796 3517 ἡμῖν
837 3456 895 3514 pro
936 3449 993 3499 νῦν
1036 3442 1208 3515 corrigenti
1243 3439 1368 3520 (ἰατρικὴ

193 3548 372 3631 <λ>νῖνλ

41 3673 108 3731 342
136 3666 167 3733 A
236 3667 341 3728 Verba
370 3663 435 3726 ἔσθ’
471 3666 497 3744 ὅ,
526 3690 553 3727 τι
577 3669 753 3730 sanissima
776 3671 854 3730 sunt
877 3685 979 3744 eaque
1003 3669 1226 3731 Liebholdium
1251 3669 1369 3739 (Fleck.

191 3781 262 3841 Jbb.
298 3781 381 3842 1893
412 3781 451 3842 ci.
476 3774 556 3840 οἶσθ’
584 3780 637 3851 ὅτι)
662 3783 846 3844 coniectura
872 3799 990 3844 vexare
1013 3799 1076 3844 non
1101 3785 1303 3859 oportuerat;
1329 3783 1369 3844 cf.

192 3909 244 3954 ex.
277 3908 324 3967 gr.
357 3895 421 3956 399
433 3896 472 3955 Α.
505 3895 578 3954 Mox
610 3911 666 3970 pro
696 3890 742 3954 ἐντ’
769 3894 870 3967 αὐτοῖς
894 3897 1065 3970 legendum
1090 3890 1129 3956 ἔτ’
1153 3894 1264 3974 αὐτοῖς,
1285 3897 1371 3957 sicut

191 4008 288 4082 paulo
319 4011 393 4082 post
423 4009 562 4082 legimus
588 4006 641 4084 ναὶ
673 4007 720 4067 δεῖ
740 4006 846 4092 ἑκάστῃ
870 4005 966 4092 τέχνῃ,
988 4025 1051 4069 non
1076 4007 1123 4069 ἐπὶ
1146 4007 1252 4094 ἑκάστῃ
1275 4006 1369 4092 τέχνῃ.

173 4120 254 4181 ‘Pro
286 4121 326 4192 εἰς
349 4130 441 4181 ταῦτα
469 4123 609 4183 Venetus
633 4124 667 4180 Π
687 4123 793 4184 exhib.
819 4122 860 4194 εἰς
884 4120 960 4182 αὐτὰ
983 4131 1075 4182 ταῦτα
1099 4123 1263 4199 (eichst),
1288 4138 1371 4196 quae

193 4234 290 4294 lectio
314 4236 395 4294 mihi
418 4236 580 4310 probanda
604 4236 731 4296 videtur
755 4239 866 4311 utpote
890 4235 1076 4310 significans
1100 4236 1273 4297 facultates
1296 4237 1370 4301 illas

193 4351 304 4418 (ταῦτα)
339 4349 598 4422 pernecessarias
633 4364 714 4410 esse.
752 4349 880 4423 corrige
912 4353 1078 4425 praeterea
1109 4346 1215 4433 ἑκάστῃ
1251 4351 1368 4434 <τῃ>

192 4457 289 4545 τέχνῃ,
309 4462 348 4523 cf.
373 4479 424 4525 ex.
444 4478 491 4536 gr.
513 4465 617 4524 3461.
639 4463 699 4523 Pro
719 4460 930 4542 ἕντοριζούσῃς
950 4464 1096 4524 nonnulli
1116 4465 1204 4525 codd.
1219 4465 1373 4526 exhibent

231 4721 251 4792 ¹)
268 4727 332 4774 Litt.
350 4744 368 4772 α
386 4726 412 4772 in
430 4725 539 4773 articulo
556 4727 693 4773 correctori
710 4726 826 4774 debetur.
