3417 5175
890 348 909 406 8

310 539 343 596 et
377 536 522 596 suaviter
556 535 718 608 loquentis
750 535 833 604 (vide
865 533 1050 594 Telemachi
1081 535 1114 594 in
1147 534 1264 609 Pylum
1295 536 1483 605 adventum)

310 665 413 722 neque
444 650 543 724 igitur
566 664 626 709 nos
648 649 774 723 poetica
797 648 894 708 dictio
918 648 1060 708 offendat
1082 664 1215 709 necesse
1239 652 1299 709 est.
1325 648 1377 709 Sic
1402 666 1430 710 v.
1455 666 1482 710 c.

311 763 408 822 verba
434 761 472 822 od
500 757 532 821 δὲ
554 762 689 838 θαμίζεις
712 762 770 832 (ita
793 762 976 821 enimcum
1000 761 1164 821 Nitzschio
1186 763 1227 822 ad
1250 762 1347 823 Hom.
1372 763 1428 824 Od.
1452 764 1483 823 ΙΙ

310 891 340 950 p.
358 878 397 936 18
422 876 533 937 Stallb.
561 876 655 936 1858.
680 875 763 935 Bait.
790 874 910 935 Wohlr.
936 874 1066 949 eampo.
1091 875 1204 948 legunt
1228 892 1284 950 pro
1311 872 1383 936 otti
1404 880 1436 935 θ.
1452 870 1483 947 ’1)

311 990 408 1050 verba
427 989 563 1050 Vulcani
582 990 622 1049 ad
639 964 774 1050 Thetide
787 987 1008 1063 calypsusque
1021 990 1060 1048 ad
1074 989 1266 1049 Mercurium
1278 988 1358 1049 ιίιιιε
1369 1010 1434 1066 μαι.

309 1102 503 1178 είίήίονθαςς
533 1102 627 1182 ιιιίμος
655 1124 687 1181 γε
710 1097 765 1179 μὲν
788 1098 825 1162 οὔ
847 1124 875 1160 ει
896 1101 1032 1178 θαμίζεις
1056 1102 1147 1162 nobis
1171 1102 1203 1162 in
1228 1105 1373 1163 mentem
1397 1118 1483 1163 revo-

309 1220 393 1277 cant.
425 1217 508 1278 illud
540 1214 572 1277 ot
602 1219 635 1278 in
668 1219 775 1278 verbis
806 1216 842 1277 od
867 1214 899 1276 ‹ii
923 1218 1004 1277 mihi
1028 1216 1185 1291 displicet,
1210 1231 1285 1277 cum
1309 1217 1418 1276 nullus
1441 1220 1485 1277 sit

310 1331 400 1390 locus
430 1332 505 1392 huic
528 1331 900 1406 partic-adversativae,
925 1330 1050 1402 siquis
1073 1344 1259 1389 sermonem
1283 1330 1404 1404 incipit.
1430 1331 1483 1390 Le·

309 1444 449 1516 gendum
481 1447 532 1505 est
563 1446 673 1518 utique
701 1444 750 1520 δή,
780 1446 864 1517 quod
888 1443 1072 1505 sexcenties
1095 1458 1114 1503 a
1137 1442 1277 1503 librariis
1301 1444 1334 1503 in
1358 1438 1390 1501 δὲ
1414 1459 1483 1503 con-

310 1559 457 1617 vertitur.
489 1559 586 1631 ¹Astio
621 1556 657 1618 od
691 1581 718 1618 ιι
752 1559 923 1620 conicienti
949 1574 1014 1619 non
1037 1560 1326 1633 obtemperandum
1359 1574 1483 1633 censeo,

308 1671 439 1731 etiamsi
459 1673 621 1732 constaret
640 1673 697 1733 illa
718 1673 815 1733 verba
834 1668 882 1743 (οὔ
895 1694 922 1731 ιι
933 1670 1077 1749 θαμίζεις)
1090 1672 1123 1731 in
1136 1673 1340 1746 proverbium
1355 1672 1483 1732 abiisse.

307 1784 449 1844 Verbum
472 1784 610 1861 θαμίζειν
633 1801 698 1845 non
722 1802 794 1846 esse
817 1787 979 1860 poeticum
1004 1786 1086 1846 satis
1109 1787 1334 1846 demonstrant
1354 1786 1387 1845 hi
1406 1786 1483 1847 loci:

307 1897 401 1972 Hipp.
426 1898 499 1972 Maj.
525 1898 586 1958 281
601 1900 637 1975 B,
663 1900 756 1972 Legg.
783 1896 1063 1974 8436166661.
1087 1901 1198 1974 Oyrop.
1222 1902 1250 1960 7.
1266 1902 1295 1962 3.
1311 1898 1485 1975 2-θαμίζαν

307 2005 356 2085 ἐφ’
390 2005 477 2087 ἡμᾶς.
509 2046 550 2056 -
582 2014 619 2071 ln
651 2014 815 2072 nonnullis
845 2013 934 2073 codd.
962 2016 1049 2074 recto
1071 2004 1090 2090 ἦ
1114 2028 1170 2088 pro
1194 2003 1232 2090 ἦν
1254 2014 1412 2073 traditum
1435 2014 1485 2072 est

309 2126 342 2183 et
365 2124 515 2186 11681111.
539 2126 622 2186 Bait.
648 2126 770 2188 Wohlr.
795 2127 974 2194 ediderunt.
999 2127 1158 2187 vitiosam
1182 2127 1322 2187 formam
1345 2126 1486 2186 retinent

309 2237 420 2298 Herm.
453 2241 487 2297 et
517 2238 639 2313 campi.
673 2240 752 2300 Vide
784 2239 939 2301 Oobetum
970 2240 1087 2325 linem.
1114 2242 1150 2301 A.
1173 2241 1204 2301 S.
1229 2240 1276 2299 IX
1299 2254 1329 2314 p.
1356 2240 1430 2300 881.
1455 2241 1485 2300 2.

309 2352 347 2411 Iu
370 2351 493 2412 Veneto
518 2356 528 2413 t
551 2344 599 2412 mI
624 2344 652 2430 ἦ,
667 2345 727 2413 mII
751 2345 790 2431 ἦν
810 2355 967 2415 traditum
988 2358 1039 2414 est
1059 2355 1209 2427 idemque
1228 2353 1382 2429 scholion,
1403 2354 1486 2426 quod

256 2467 286 2531 l)
309 2465 342 2524 in
375 2465 445 2525 Par.
477 2466 506 2525 A
535 2463 601 2525 ἀντὶ
630 2475 684 2527 τοῦ
714 2465 796 2546 ἥμην
825 2466 955 2540 ἀπηνῶς.
980 2460 999 2552 ΙΙ
1023 2469 1122 2529 Recte
1146 2469 1289 2528 Ast-veo
1313 2463 1346 2526 di
1369 2462 1401 2526 σὲ
1420 2471 1485 2542 (pro

311 2583 352 2648 σε)
383 2577 437 2658 χρὴ
468 2581 617 2658 correxit,
650 2584 684 2642 at
715 2583 748 2642 et
778 2582 811 2642 in
842 2582 1000 2657 proximis
1031 2582 1150 2657 requiri
1181 2576 1271 2642 οὐδὲν
1303 2578 1341 2640 ἂν
1364 2576 1396 2640 σὲ
1419 2578 1487 2658 ἔδει,

309 2693 386 2766 quia
408 2696 467 2751 ΣΕ
487 2693 633 2775 νοοίίμὼ
652 2698 833 2771 oppositum
855 2697 909 2773 sit,
930 2700 1017 2758 recte
1038 2687 1160 2758 Wohlr.
1180 2696 1268 2757 vidit.
1283 2695 1487 2756 senescentis

310 2821 494 2868 sermonem
527 2811 667 2882 arguunt
695 2809 825 2870 crebrae
848 2810 923 2869 illae
947 2811 1135 2871 iterationes
1163 2810 1276 2883 quales
1299 2811 1377 2870 sunt
1399 2809 1486 2888 δεῦρο

309 2917 396 2996 ἰέναι,
425 2920 607 3000 πυκνότερον
640 2921 665 2980 δ.
697 2918 772 2982 ἰέναι
799 2925 832 2983 et
855 2917 974 3000 ἡδοναί,
997 2919 1154 3000 ἐπιθυμίαι
1177 2920 1280 2982 τεκαὶ
1304 2917 1420 3000 ἡδοναί.
1443 2956 1486 2964 -

310 3036 371 3094 Pro
406 3035 537 3107 νεανίαις
568 3035 711 3096 Venetus
744 3039 778 3094 Π
806 3038 840 3096 61
871 3035 958 3096 Stob.
993 3036 1160 3108 νεανίσκοις
1192 3037 1347 3098 exhibent
1377 3038 1410 3098 et
1439 3037 1487 3097 sio

270 3187 275 3196 ·
309 3152 397 3209 recte
416 3149 516 3210 Bekk.
544 3150 615 3210 Ast.
641 3150 752 3211 stallo.
777 3151 887 3221 (1858)
912 3149 1089 3225 ediderunt,
1114 3150 1262 3232 videerr.
1287 3165 1333 3223 gr.
1359 3149 1485 3223 Lysidis

309 3263 379 3323 init.
405 3239 504 3324 Paulo
526 3266 600 3338 post
624 3265 796 3338 legendum
820 3265 881 3324 erit
903 3260 942 3335 ὡς
965 3262 1067 3343 [παρὰ]
1091 3263 1197 3340 φίλους
1216 3267 1282 3337 ιιιλ;
1302 3265 1416 3325 notum
1437 3267 1487 3324 est

309 3380 343 3438 in
363 3378 521 3438 eiusmodi
541 3371 836 3452 comparationibus
857 3377 1004 3438 librarios
1024 3393 1153 3452 semper
1171 3393 1270 3451 prave
1283 3377 1485 3452 praepositio·

308 3501 385 3550 nem
416 3491 551 3565 iterare;
584 3492 623 3551 cf.
656 3506 698 3550 ex
729 3507 775 3564 gr.
808 3491 968 3552 Phaedon.
1001 3491 1082 3552 671)
1115 3489 1212 3570 ὥσπερ
1242 3487 1357 3568 δεσμῶν
1380 3487 1411 3549 in
1433 3497 1486 3549 τοῦ

310 3601 453 3679 σώματος,
472 3604 555 3664 Tim.
590 3604 680 3664 191
712 3602 808 3682 ὥσπερ
838 3601 974 3674 αὐλῶνος
1006 3601 1056 3663 διὰ
1083 3611 1135 3664 τοῦ
1160 3603 1303 3681 σώματος,
1325 3604 1486 3678 Euthyph.

310 3717 353 3777 in.
378 3712 418 3787 ὡς
440 3715 514 3796 πρὸς
537 3714 721 3796 μητέρατὴν
742 3716 836 3776 πόλιν.
857 3751 899 3760 -·-
920 3717 1066 3778 Parisino
1086 3718 1115 3777 A
1134 3717 1225 3796 χαίρω
1248 3721 1302 3797 [γε]
1323 3717 1487 3778 exhibenti

309 3830 392 3890 Bait.
421 3831 454 3891 et
476 3830 598 3893 Wohlr.
623 3831 887 3906 obtemperarunt
911 3836 985 3902 (non
1009 3833 1089 3892 item
1113 3831 1225 3892 Herm.
1250 3847 1309 3891 nec
1334 3829 1486 3906 damph),

309 3960 418 4022 prave,
450 3945 526 4018 quia
555 3946 608 4006 hic
638 3966 670 4024 με
697 3945 919 4005 necessarium
944 3947 1013 4020 est;
1039 3946 1231 4006 vertendum
1256 3946 1343 4004 enim
1369 3944 1487 4020 „Recte

308 4074 387 4119 sane
411 4043 476 4118 'me
511 4073 635 4134 mones,
673 4057 820 4132 cephale,
852 4058 1057 4131 perlubenter
1090 4061 1177 4119 certe
1209 4058 1371 4132 colloquor
1402 4059 1486 4119 etc.’'

307 4172 457 4233 Graviter
483 4171 641 4231 falluntur
670 4171 731 4230 viri
756 4170 851 4246 docti,
880 4172 935 4244 qui
958 4173 1076 4245 putant
1098 4173 1173 4246 post
1195 4168 1245 4230 ιιαί
1273 4167 1487 4248 μι1661ἀ111ι

307 4283 367 4362 μὴν
398 4284 549 4346 voculam
583 4305 616 4364 με
652 4285 725 4344 addi
759 4285 888 4359 propter
922 4281 982 4361 μὴν
1013 4300 1072 4346 nec
1103 4285 1339 4359 perspexerunt
1369 4283 1425 4344 ubi
1455 4305 1489 4362 με

306 4400 453 4460 additum
476 4400 530 4475 sit,
555 4399 587 4459 id
610 4400 668 4458 aut
690 4398 838 4459 absolute
861 4398 1005 4472 positum
1030 4414 1103 4460 esse
1127 4399 1234 4471 18886
1255 4395 1306 4457 καί
1326 4398 1396 4475 μήν,
1415 4395 1486 4457 ὅταν

336 4643 355 4706 ¹)
373 4646 447 4701 Quod
464 4646 546 4693 multo
564 4646 658 4692 sudore
676 4646 763 4704 inepte
781 4644 921 4691 defendere
939 4645 1087 4692 Schmelner
1104 4645 1200 4692 studet.
