3417 5175
893 396 936 455 44

324 583 507 655 legendum.
538 583 679 643 Litterae
706 604 733 640 rr
743 582 862 643 lineola
884 584 1073 645 transversa
1095 600 1192 658 super
1213 583 1408 658 praecedens
1432 582 1504 642 iota

325 697 424 756 nimis
455 697 609 769 producta
632 696 739 757 effecit
761 698 799 756 ut
820 696 971 758 librarius
994 698 1056 758 sibl
1078 698 1207 758 litterae
1231 718 1248 755 ν
1273 696 1504 769 compendium

326 814 372 879 (·)
392 825 522 869 cernere
543 811 633 869 visus
653 810 706 869 sit.
727 811 764 870 In
783 810 944 884 scriptura
963 810 1083 871 unciali
1103 810 1165 871 litt.
1186 831 1201 868 τ
1221 824 1317 882 saepe
1336 808 1504 868 invenitur

277 918 302 985 0
325 924 445 998 scripta
465 924 512 983 sic
533 928 577 991 ’λ
600 913 619 1006 ΙΙ
641 923 701 981 Ρτο
721 921 757 981 αὐ
777 921 833 1001 ηιίρ
852 943 911 999 κτα,
926 938 1008 997 quae
1021 924 1219 983 sententiam
1232 921 1445 995 pessumdant
1458 956 1501 964 -

326 1047 403 1091 nam
435 1032 532 1095 verba
555 1034 681 1111 ἥτις...
705 1032 792 1113 ἀρετὴ
815 1037 849 1095 in
873 1052 947 1097 aere
971 1052 1129 1111 suspensa
1153 1038 1231 1096 sunt
1257 1068 1296 1079 -
1320 1035 1391 1107 lege
1414 1030 1450 1093 νίί
1475 1033 1505 1092 τί

325 1165 372 1205 κα
403 1148 436 1207 et
465 1149 570 1208 totum
603 1149 711 1210 locum
742 1150 788 1209 sic
819 1150 940 1211 scribe:
968 1148 1041 1226 ἥτις,
1063 1140 1101 1227 ἦν
1125 1144 1224 1227 dipel,
1247 1146 1346 1207 αὐτῶν
1369 1142 1389 1223 ἡ
1413 1143 1501 1226 ἀρετὴ

327 1255 363 1318 od
386 1259 415 1318 τί
433 1281 479 1319 πω
501 1264 609 1333 [τοῦτο]
627 1256 647 1333 ¹)
668 1259 774 1340 ἐρωτῶ,
792 1257 857 1321 ἀλλ’
880 1262 907 1321 εἰ
924 1267 982 1321 κτλ.
1005 1264 1181 1335 Postquam
1201 1260 1230 1320 τί
1247 1263 1281 1321 in
1298 1258 1353 1340 γὰρ
1367 1260 1501 1335 abierat,

326 1375 448 1434 librarii
467 1374 637 1435 inserendo
657 1383 743 1434 τοῦτο
762 1377 893 1436 textum
912 1376 1083 1437 fulserunt.
1104 1375 1207 1448 Vulgo
1229 1374 1289 1434 viri
1309 1374 1360 1435 dd.
1380 1372 1503 1447 (Camp-

326 1481 459 1556 bollio²l
494 1489 638 1562 excepto)
673 1492 747 1562 post
781 1486 887 1567 ἀρετὴν
921 1490 1065 1563 cogitant
1102 1488 1213 1566 ταύτην
1248 1495 1306 1547 νῦν
1341 1483 1413 1565 λεήω
1445 1490 1502 1557 (sc.

327 1597 382 1676 την
412 1599 546 1676 οἰκείαν),
576 1604 611 1662 at
640 1596 731 1673 eosll
754 1603 837 1676 fugit
860 1606 934 1677 post
956 1602 1191 1677 Thrasymachi
1214 1601 1313 1663 verba
1335 1598 1503 1675 τυφλότητα

327 1710 383 1791 ηὰρ
418 1717 467 1772 κτλ
502 1715 669 1776 Socratem
703 1716 763 1776 boc
797 1732 900 1776 unum
934 1718 1065 1777 tantum
1100 1714 1279 1792 „oddupobg”
1311 1714 1504 1787 respondere

328 1827 483 1901 potuisse.
518 1862 556 1871 -
590 1828 663 1889 Mox
695 1830 950 1891 Steinbruchelio
979 1830 1078 1890 verba
1108 1826 1143 1887 τὰ
1174 1820 1352 1907 ἐργαζόμενα
1383 1825 1504 1895 delenti

327 1942 439 2013 utique
459 1940 759 2024 obtemperandum,
780 1943 856 2015 quia
875 1940 910 2001 τὰ
930 1939 1045 2020 ὄμματα
1058 1944 1242 2017 subjectum
1254 1942 1322 2014 est;
1336 1942 1504 2014 praeterea

275 2056 307 2122 l)
330 2051 524 2133 ἀπεργάσεται
547 2060 614 2129 (pro
638 2053 706 2135 ἕρη.)
729 2056 913 2131 legendum.
938 2049 957 2140 ΙΙ
981 2057 1042 2118 Pro
1067 2054 1180 2133 ἐκείνης
1204 2056 1247 2126 (in
1271 2054 1395 2127 aliquot
1413 2053 1503 2114 codd.

328 2164 442 2245 ἐκείνης
464 2166 526 2227 ἴδια
550 2171 733 2241 exaratum)
756 2170 812 2231 alii
831 2171 920 2232 codd.
942 2168 1056 2229 ἐκείνου
1075 2170 1238 2231 exhibent.
1259 2168 1368 2228 Lectio
1388 2164 1504 2225 ἐκείνου

329 2283 545 2343 correctorum
569 2286 630 2359 est,
654 2285 689 2344 at
712 2281 825 2361 ἐκείνης
848 2284 1028 2344 insiticium
1049 2299 1121 2345 esse
1141 2284 1235 2355 (quod
1254 2282 1322 2341 iam
1341 2280 1504 2341 instabilis

329 2397 423 2456 sedes
446 2396 563 2469 arguit)
587 2371 708 2471 optime
729 2398 909 2471 Madvigius
927 2398 1100 2459 intellexit.
1122 2394 1356 2469 Thrasymachi
1375 2408 1504 2467 respon·

329 2524 404 2569 sum
427 2506 529 2568 οὐδενί
547 2507 624 2595 ἄλλῳ
644 2511 794 2584 Madvigii
815 2514 875 2572 cam
896 2512 1092 2585 comprobat.
1116 2544 1155 2553 -
1176 2510 1327 2570 Fortasse
1344 2508 1505 2582 scriptura

330 2619 519 2699 ἐπιμέλεσθαι
553 2639 610 2698 pro
644 2621 845 2700 impeteretur
879 2625 1005 2685 Platoni
1036 2625 1197 2686 reddenda
1227 2626 1288 2684 est.
1320 2620 1505 2682 Dindorfius

329 2738 502 2810 utramque
533 2737 672 2798 formam
703 2738 913 2812 scriptoribus
944 2739 1062 2798 Atticis
1092 2737 1191 2798 tribui
1217 2738 1363 2811 oportere
1385 2735 1503 2796 iudica·

280 2855 307 2920 ll
329 2850 394 2911 bat.
427 2841 447 2932 Η
478 2849 600 2910 Omnes
625 2851 712 2911 codd.
739 2866 915 2924 omnesque
940 2851 1029 2911 editt.
1053 2852 1157 2922 (Aetio
1182 2852 1326 2924 excepto)
1351 2849 1508 2923 praebent

329 2961 442 3023 οὐκοῦν
465 2960 571 3041 ἀρετήν
594 2985 626 3042 ηε
646 2968 712 3039 (pro
740 2960 804 3041 μὲν,
832 2965 880 3024 sic
904 2964 1088 3040 Stobaeus);
1118 2967 1152 3025 at
1178 2985 1210 3042 γε
1235 2978 1353 3024 sanum
1377 2977 1449 3023 esse
1474 2963 1510 3022 et

330 3074 448 3138 Stallb⁰
482 3077 592 3149 (1858)
623 3078 730 3138 visum
755 3081 815 3153 est,
840 3079 936 3139 recte.
963 3077 1007 3139 (ll.
1034 3077 1139 3138 354A
1162 3073 1235 3135 ἀλλὰ
1259 3073 1318 3153 μὴν
1342 3072 1450 3135 ἄθλιόν
1474 3096 1508 3154 ηε

329 3167 389 3268 ιιι,
419 3192 542 3253 corruo.
577 3193 679 3252 narn
711 3189 823 3251 σταται·
839 3189 914 3269 <aar
945 3211 977 3269 ηε
1009 3189 1509 3267 rav,roru.aooaurr.n1uo

330 3302 384 3383 μὲν
411 3306 535 3366 facilior
561 3306 657 3366 lectio
681 3308 732 3365 est
755 3321 855 3378 quam
878 3325 920 3384 ηε,
943 3305 1028 3364 sicut
1052 3305 1086 3364 et
1109 3287 1211 3386 328E
1236 3303 1394 3364 Stobaeus
1417 3298 1508 3360 ὁποία

330 3436 386 3495 pro
417 3418 488 3478 τοία
520 3420 661 3480 exhibet.
692 3453 731 3462 -
757 3419 831 3479 Mox
853 3434 922 3480 voc.
947 3426 1046 3496 ψυχῆς
1069 3417 1292 3492 interpolatori
1315 3415 1510 3490 quantocius

332 3532 539 3593 reddendum.
574 3532 743 3605 Nusquam
776 3533 810 3592 in
841 3533 868 3592 D
901 3534 934 3593 et
962 3532 988 3592 ll
1020 3530 1250 3609 (συνεχώρησαν)
1283 3531 1512 3592 concesserant

333 3646 528 3724 δικαιοσύνην
549 3662 621 3708 esse
641 3643 748 3724 ἀρετὴν
767 3653 877 3724 ψυχῆς,
896 3647 1124 3706 concesserant
1144 3645 1373 3704 tantummodo
1389 3635 1422 3703 1⁰
1434 3635 1522 3701 εἶναί

331 3782 359 3818 τι
381 3757 467 3838 ἔργον
490 3767 590 3838 ψυχῆς
615 3752 649 3819 2⁰
673 3753 750 3818 εἶναί
769 3781 834 3819 τινα
853 3756 960 3837 ἀρετὴν
980 3766 1089 3835 ψυχῆς,
1109 3760 1143 3818 at
1164 3772 1325 3830 quaenam
1346 3756 1409 3828 (τίς)
1422 3759 1513 3818 esset

320 3875 388 3939 ,illa
411 3881 510 3952 ψνλῆί
533 3870 620 3951 ἀρετή
643 3897 686 3943 τις
710 3890 750 3934 ne
774 3873 1007 3947 indagaverant
1031 3873 1161 3945 quidem
1186 3871 1282 3941 (sicut
1300 3887 1360 3931 nec
1380 3867 1512 3945 τὴντῶν

332 3984 471 4065 ὀμμάτων
506 3984 613 4066 ἀρετὴν
648 4003 707 4047 neu
740 3985 795 4063 τὴν
828 3995 887 4045 τῶν
920 3984 1003 4045 ὤτων
1034 3982 1140 4062 ἀρετὴν
1173 3983 1383 4055 definierant).
1415 3982 1511 4043 Nullo

330 4101 430 4174 igitur
450 4101 545 4162 modo
565 4100 715 4160 Socrates
735 4100 840 4160 dicere
853 4100 961 4173 potest
974 4096 1087 4157 οὐκοῦν
1101 4095 1208 4176 ἀρετήν
1220 4117 1252 4176 ηε
1264 4095 1512 4175 συνεχωρήσαμεν

367 4382 386 4446 ¹)
409 4385 528 4430 Fortasse
550 4390 619 4430 ταῦτα
642 4382 776 4429 ferendum
803 4383 850 4436 est,
873 4381 905 4426 of.
924 4381 1011 4427 4771)
1029 4381 1076 4426 ult.
1095 4383 1224 4438 λαιστημην
1241 4380 1415 4442 τίταρον.....
1434 4376 1512 4435 αὐτὴν,

332 4464 377 4510 ubi
394 4464 466 4522 αὐτὴν
482 4475 589 4522 prorsus
607 4461 729 4509 abundat.
1126 4507 1127 4510 ,

366 4537 387 4599 2λ
410 4542 521 4602 Osmpb:
547 4543 613 4599 „Say
635 4541 730 4596 rather,
754 4539 884 4585 whatever
906 4538 974 4584 their
997 4537 1081 4583 virtue
1104 4536 1135 4594 is,
1157 4536 1198 4582 lor
1218 4536 1232 4582 I
1249 4537 1315 4583 have
1333 4537 1378 4581 not
1395 4547 1467 4582 come
1485 4536 1513 4579 to

332 4621 390 4667 that
407 4621 525 4678 question
542 4616 610 4678 yet.”

366 4694 388 4762 ³)
404 4698 524 4745 Wolrlrab
541 4698 620 4744 vertit
638 4710 705 4753 „was
721 4711 769 4743 nur
787 4697 880 4743 immor
897 4695 953 4742 ihre
970 4693 1106 4754 Iliihiglrelt
1123 4695 1182 4752 ist’',
1200 4692 1269 4753 quod
1288 4693 1352 4739 nihil
1370 4694 1417 4739 est.
