3417 5175
750 427 789 486 15

178 661 267 675 ......
279 610 397 692 τάληθῆ
427 613 530 694 λέγειν.
561 614 676 675 Polam.
704 613 785 674 πάνυ
809 610 863 691 μὲν
887 605 943 675 οὖν
967 619 1035 692 nrt,
1058 616 1165 692 inepte,
1190 631 1301 693 quum,
1325 617 1354 677 si

177 730 247 804 ipse
271 729 442 805 Cephalus,
467 744 566 803 quem
588 730 621 789 in
645 729 912 804 praecedentibus
936 730 1085 791 Socrates
1109 746 1237 805 semper
1260 734 1353 789 κινεῖν

177 846 340 920 studebat,
371 844 594 917 quaestionem
626 844 665 903 de
692 844 837 904 iustitiae
869 847 986 904 natura
1009 845 1178 920 movisset,
1203 860 1266 904 non
1292 845 1353 905 sta·

176 961 238 1020 tim
269 958 363 1032 quasi
397 957 624 1032 disputationis
659 956 779 1031 proelia
808 956 946 1032 fugiens,
979 958 1151 1019 abscedere
1182 958 1352 1032 potuisset.

176 1073 348 1133 Adiectiva
386 1086 460 1132 cum
503 1091 578 1128 sav·
621 1071 800 1145 composita
833 1071 926 1131 Plato
960 1072 1101 1144 adamat,
1138 1071 1177 1132 ci.
1214 1074 1353 1145 (praeter

178 1185 330 1265 πάγκαλος
350 1186 384 1247 et
402 1183 570 1263 παγκάλως)
591 1200 641 1244 ex.
664 1198 711 1257 gr.
732 1182 940 1260 παμπόνηρος,
959 1183 1152 1263 πάνσμικρος,
1172 1184 1355 1264 παγγέλοιος,

176 1298 374 1377 παγχάλεπος,
395 1297 554 1369 πάνδεινος
579 1297 683 1368 (Polit.
709 1299 773 1358 290
796 1298 843 1373 Β),
868 1299 941 1359 alia.
968 1290 987 1382 Η
1012 1300 1072 1359 Pro
1096 1298 1189 1371 οὕτως
1213 1301 1270 1360 alii
1294 1301 1354 1361 edi·

177 1414 267 1472 tores
290 1413 335 1482 (et
359 1410 500 1487 damph.)
525 1427 566 1471 ex
589 1411 753 1472 nonnullis
777 1412 866 1472 codd.
890 1410 967 1470 οὕτω
990 1413 1145 1488 scribunt,
1170 1414 1253 1486 quod
1275 1414 1355 1473 mihi

175 1526 378 1600 probandum
410 1526 546 1601 videtur,
579 1525 655 1598 quia
685 1525 737 1585 hic
767 1526 879 1585 nullus
911 1525 1020 1585 hiatus
1053 1526 1205 1586 vitandus
1233 1528 1293 1587 est.
1318 1527 1356 1586 In

176 1639 441 1714 responsionibus
476 1653 603 1712 quoque
634 1639 740 1698 solum
773 1637 850 1697 οὕτω
883 1639 963 1698 mihi
994 1655 1112 1699 sanum
1147 1640 1281 1699 videtur.
1315 1640 1355 1700 tl.

176 1752 303 1813 Sobanz
334 1755 445 1812 autem
478 1752 570 1813 unIce
602 1753 748 1812 codicum
780 1753 1008 1811 auctoritatem
1041 1753 1133 1825 sequi
1161 1754 1298 1829 mavult,
1323 1757 1357 1813 at

176 1868 376 1942 optimorum
407 1869 440 1926 et
471 1867 773 1940 antiquissimorum
798 1866 954 1927 librorum
978 1867 1126 1927 librarios
1150 1882 1252 1941 aeque
1275 1882 1354 1926 erro·

176 1980 267 2040 ribus
310 1981 466 2042 obnoxios
506 1980 609 2040 fuisse
643 1983 899 2041 consentaneum
935 1982 986 2041 est
1020 1996 1057 2040 ao
1093 1982 1288 2041 deteriorum
1325 1983 1357 2039 et

178 2094 406 2155 recentiorum.
432 2127 471 2136 -
500 2094 538 2153 In
568 2094 779 2167 sequentibus
805 2091 921 2167 <τὸ>
948 2091 1063 2153 τοιόνδε
1097 2094 1246 2168 rescribe,
1281 2093 1380 2166 quia-

178 2205 295 2266 τοιόνδε
329 2208 489 2268 obiectum
526 2209 586 2267 est.
627 2207 664 2266 Ut
694 2222 815 2281 semper
846 2204 1003 2285 dyadis
1034 2230 1077 2282 τι,
1104 2205 1356 2267 solinneio.

175 2321 387 2398 scribendum,
411 2338 483 2381 cum
507 2322 655 2382 vocabum
677 2322 732 2382 itio
754 2322 815 2382 sive
838 2321 1008 2382 subiectum
1027 2322 1088 2382 sice
1107 2321 1255 2381 obiectum
1274 2325 1356 2396 sunt,
1417 2303 1419 2308 ¹

174 2437 222 2495 ito
244 2439 270 2494 et
293 2433 331 2494 τὸ
355 2433 524 2511 τοιόνδε,
547 2433 586 2494 τὸ
610 2443 802 2494 τοιοῦτον
824 2436 885 2495 sive
910 2434 1098 2494 τοιοῦτόν
1119 2457 1152 2493 τι
1175 2435 1357 2508 requiritur.

175 2550 215 2609 In
240 2550 304 2609 475
329 2549 353 2608 Ε
377 2549 434 2610 ult.
467 2552 511 2620 (et
537 2550 600 2610 476
626 2549 664 2619 Α)
696 2564 760 2609 non
788 2564 869 2624 opus
893 2551 942 2610 est
968 2552 1012 2609 ut.
1031 2546 1241 2622 <rb>xolbv
1265 2549 1358 2609 corri-

177 2678 306 2737 gamus,
339 2663 415 2736 quia
448 2662 513 2723 illic
535 2660 627 2721 καλὸν
650 2662 811 2736 significat
833 2663 1105 2737 pulchritudinem
1133 2662 1269 2739 (κάλλος),
1294 2678 1358 2722 νον

178 2775 300 2849 aliquid
333 2776 468 2849 pulchri.
493 2776 540 2836 Ob
564 2777 699 2836 eandem
725 2791 857 2836 causam
885 2777 983 2836 verba
1006 2772 1050 2851 dv,
1074 2774 1113 2852 μὴ
1138 2774 1182 2853 ὄν,
1207 2773 1359 2850 δοξαστόν,

177 2886 312 2967 γνωστὸν
336 2888 521 2949 substantioe
544 2890 614 2950 sine
638 2889 774 2951 articulo
795 2892 891 2950 scribi
911 2894 1056 2965 possunt.
1080 2891 1163 2950 Hinc
1183 2893 1272 2965 patet
1286 2907 1315 2949 v.
1329 2906 1356 2949 c.

179 3002 244 3062 368
269 3002 297 3060 Α
329 3002 583 3063 Herwerdenum
614 3004 798 3064 rectissime
830 3004 1010 3063 correxisse
1042 3002 1255 3075 θεῖόν<τι>,
1283 3016 1357 3060 cum

177 3119 264 3197 orion
290 3116 359 3176 sine
383 3137 409 3172 τι
433 3115 594 3188 significet
617 3114 649 3174 τὸ
673 3120 769 3190 θεῖον,
793 3118 876 3188 quod
900 3116 979 3175 illud
1003 3117 1142 3176 fratrum
1165 3130 1224 3190 par
1247 3135 1357 3173 πεπον-

177 3227 266 3288 θέναι
301 3231 450 3290 Socrates
485 3232 590 3291 dicere
625 3247 689 3291 non
723 3231 839 3304 potuit.
868 3264 907 3274 -
937 3230 1011 3290 Mox
1045 3229 1116 3290 dele
1151 3229 1356 3302 participium

176 3340 308 3403 ἕθέλωνι
344 3344 486 3417 primum
529 3344 562 3403 in
597 3344 712 3403 multis
746 3345 835 3404 codd.
873 3345 949 3404 ante
984 3342 1081 3401 πάντα
1116 3342 1261 3417 positum
1296 3344 1357 3416 est,

178 3457 294 3517 deinde
324 3457 551 3532 requireretur,
583 3458 611 3516 si
643 3472 761 3517 sanum
793 3459 892 3532 esset,
928 3452 1154 3531 <ὁ>ἕθέλων,
1179 3456 1358 3529 deniquee

180 3570 393 3643 sequentibus
414 3571 498 3630 inD
529 3573 619 3644 patet
651 3573 714 3631 duo
746 3572 830 3631 inter
853 3587 889 3630 se
913 3571 1038 3646 opponi,
1063 3585 1179 3644 nempe
1202 3568 1234 3628 τὸ
1259 3567 1359 3645 ἀληθῆ

181 3680 276 3762 λέγειν
310 3685 343 3743 et
374 3682 405 3742 τὸ
437 3682 623 3743 ἀποδιδόναι.
659 3685 761 3744 Verba
788 3682 855 3743 οὔτε
879 3681 1238 3755 δίκαιος....ἀποὸιδοὺς
1261 3683 1360 3756 igitur

126 3806 158 3870 1)
183 3796 217 3858 ἒν
240 3794 417 3874 sepositos
440 3798 546 3872 posita
574 3801 661 3857 sunt.
687 3791 706 3881 ΙΙ
731 3799 767 3858 In
793 3798 908 3858 multis
932 3799 1020 3859 codd.
1046 3813 1101 3872 pro
1125 3795 1179 3874 χρὴ
1203 3795 1359 3877 Σιμωνίδῃ

182 3913 317 3973 ridicule
348 3910 491 3989 χρήσιμον
522 3907 581 3988 ἤδη
612 3913 852 3986 scriptumest
875 3912 1015 3973 librariis
1036 3912 1227 3986 saepissime
1251 3912 1284 3970 in
1309 3923 1358 3967 no-

184 4026 329 4086 minibus
358 4026 494 4100 propriis
526 4026 750 4087 titubantibus.
777 4061 815 4069 -
849 4027 934 4087 illud
965 4024 1037 4104 opio
1068 4029 1141 4102 post
1170 4024 1359 4103 παραδίδωμι

182 4142 313 4201 tantum
346 4139 511 4200 Socratem
544 4143 577 4199 et
608 4141 856 4201 Polemarchum
883 4141 1014 4216 indicat,
1039 4141 1079 4202 cf.
1104 4156 1154 4200 ex.
1180 4155 1226 4212 gr.
1251 4137 1358 4211 Lysid.

183 4255 247 4314 221
272 4254 297 4313 Ε
328 4251 446 4330 ὑμεῖς
477 4251 534 4332 ἄρα
566 4253 592 4312 εἰ
622 4253 703 4329 φίλοι
734 4252 846 4312 ἐστὸν
879 4251 1014 4330 ἀλλήλοις
1046 4257 1103 4311 κτλ.
1137 4254 1286 4313 Praestat
1309 4250 1360 4308 hio

183 4368 320 4440 aliisque
355 4368 388 4426 in
419 4367 509 4442 locis,
541 4368 595 4427 ubi
628 4367 722 4440 vulgo
757 4366 870 4426 οὐκοῦν
905 4368 1044 4442 ponitur,
1076 4362 1188 4424 οὔκουν
1220 4364 1360 4424 scribere

183 4482 287 4542 altero
317 4481 579 4554 interrogationis
614 4481 706 4554 signo
736 4483 809 4554 post
840 4482 946 4554 ipsam
977 4479 1170 4555 particulam
1205 4477 1360 4540 collocato

184 4596 243 4665 (sic
274 4591 543 4665 odroov3......;).
576 4579 688 4669 Ellip'si
722 4593 808 4653 enim
833 4593 947 4653 Graeci
971 4593 1002 4652 in
1027 4594 1087 4652 hoc
1110 4592 1241 4664 rogandi
1267 4595 1360 4654 modo

185 4709 360 4768 utebantur
391 4709 549 4783 plenaque
581 4708 683 4768 oratio
711 4709 790 4768 baec
818 4708 901 4767 foret
932 4702 1044 4765 οὔκουν
1067 4703 1099 4764 τὸ
1123 4691 1244 4783 πρᾶγμα
1268 4705 1361 4776 οὕτως
