3417 5175
867 387 902 435 VI

299 561 495 640 obscuravit,
526 566 619 626 cuius
649 566 761 625 auctor
775 556 807 638 ¹),
839 578 914 622 cum
939 562 1091 622 intimam
1115 562 1300 622 Platonicae
1324 562 1474 623 dictionis

300 679 516 751 cognitionem
537 678 764 751 contraxisset,
785 676 988 750 praeclarum
1008 690 1112 748 neque
1133 691 1276 748 unquam
1294 676 1473 749 periturum

300 807 381 865 opus
400 792 550 851 condidit.
570 793 614 851 At
634 806 694 850 sua
713 791 783 849 vice
804 791 964 861 quantum
984 789 1069 848 Astii
1090 789 1187 848 editio
1199 789 1310 858 (1814)
1323 791 1475 861 superata

301 905 346 964 sit
368 906 572 978 editionibus
596 920 678 977 quas
700 904 836 976 Beklrer,
862 902 1039 975 Hermann,
1064 902 1174 961 Baiter
1197 903 1306 970 (1874)
1329 916 1474 974 procura·

301 1020 387 1093 runt,
409 1034 473 1078 non
496 1033 576 1092 opus
600 1021 651 1077 est
670 1020 707 1077 ut
725 1017 796 1076 fuse
816 1016 1048 1076 demonstrem.
1071 1015 1132 1074 Sed
1152 1030 1192 1075 ne
1211 1016 1326 1074 horum
1344 1015 1474 1087 quidem

301 1132 397 1204 curis,
428 1132 505 1191 licet
535 1132 576 1189 iis
604 1131 706 1190 nubes
730 1130 907 1189 lectionum
932 1144 973 1187 ex
997 1128 1130 1201 optimis
1153 1128 1243 1187 libris
1268 1143 1347 1186 mss.
1372 1128 1476 1198 iisque

301 1238 487 1313 accurate)
518 1244 666 1303 excussis
697 1243 874 1316 petitarum
899 1256 1120 1312 numerusque
1144 1242 1257 1314 ingens
1282 1242 1475 1301 coniectura·

302 1373 373 1416 rum
398 1373 419 1416 a
441 1358 639 1417 doctissimis
662 1356 843 1430 philologis,
867 1356 900 1413 in
925 1354 1043 1427 quibus
1064 1353 1184 1427 Cobeti,
1204 1354 1372 1426 Badhami,
1394 1354 1475 1411 Mad·

303 1472 380 1543 vigil
399 1471 531 1530 uomina
550 1471 705 1541 tanquam
727 1468 814 1527 soles
834 1467 1014 1541 splendent,
1035 1466 1234 1540 prolatarum
1254 1468 1304 1526 tot
1322 1468 1476 1537 tantaque

302 1584 446 1643 subsidia
476 1583 615 1656 offerret,
647 1581 797 1640 Politiam
828 1580 1001 1653 pristinam
1030 1579 1171 1638 formam
1194 1579 1394 1652 pristinaque
1418 1594 1478 1637 sua

303 1698 494 1755 ornamenta
524 1712 561 1755 ac
591 1696 706 1754 decora
730 1708 938 1766 recuperasse
966 1694 998 1750 in
1027 1694 1095 1751 dies
1120 1693 1306 1751 etiamnunc
1330 1708 1478 1752 crescens

303 1809 566 1868 emendationum
590 1808 858 1867 acutissimorum
881 1821 1038 1865 numerus
1064 1807 1168 1865 lucide
1192 1807 1343 1866 ostendit.

795 2010 986 2017 ——-—--

348 2152 492 2211 Platonis
514 2150 666 2210 Politiam
689 2164 731 2209 ex
754 2150 795 2207 iis
818 2149 953 2222 dialogis
976 2164 1049 2208 esse
1073 2149 1128 2221 qui
1148 2148 1332 2208 hominibus
1351 2162 1480 2220 semper

304 2269 449 2326 maxime
478 2265 658 2339 placuerint
688 2266 722 2323 et
752 2264 961 2337 pulcherrimi
994 2264 1054 2322 visi
1077 2264 1154 2338 sint,
1178 2278 1242 2322 non
1267 2264 1361 2323 modo
1383 2262 1479 2321 inter·

304 2380 521 2454 pretationum
556 2371 590 2451 ³),
634 2380 690 2438 sed
733 2380 832 2438 etiam
876 2379 1055 2458 editionum
1092 2372 1115 2449 4)
1151 2394 1290 2451 magnus
1325 2393 1481 2437 numerus

307 2565 525 2574 ———-—

340 2681 361 2742 ¹)
376 2686 414 2730 De
432 2697 483 2742 quo
500 2683 627 2743 imprimis
644 2684 732 2729 valent
749 2697 815 2743 quae
833 2685 975 2731 Sohanzius
994 2686 1019 2730 in
1039 2684 1482 2743 ,8111311111(111·Ρ1111ο18111111.

306 2779 328 2811 z.
345 2764 488 2822 Wdrzburg
510 2766 574 2810 1888
593 2777 617 2822 p.
635 2765 684 2809 97”
699 2765 803 2822 scripsit
825 2766 858 2820 ,81
875 2766 933 2823 quis
947 2765 1098 2823 scriptorem
1114 2779 1173 2811 oum
1188 2766 1274 2811 fructu
1288 2767 1399 2810 tractare
1412 2765 1483 2818 velit,
1549 2747 1551 2752 ’

306 2845 333 2890 in
354 2857 385 2890 eo
407 2843 569 2902 potissimum
588 2843 721 2889 elaborare
739 2843 817 2889 dehet
833 2847 864 2889 ut
883 2845 938 2889 eius
956 2856 1101 2890 sermonem
1120 2858 1198 2902 quam
1216 2845 1407 2891 accuratissime
1424 2857 1482 2902 per·

307 2927 405 2979 noscat,
421 2923 518 2981 quippe
535 2936 593 2968 oum
611 2922 659 2968 hac
676 2936 704 2968 re
721 2923 859 2968 maximam
878 2926 978 2982 partem
996 2926 1022 2968 11
1040 2937 1081 2969 ars
1097 2923 1284 2983 interpretandi
1298 2927 1324 2969 et
1339 2937 1381 2968 ars
1394 2923 1483 2968 critica

308 3003 484 3049 contineatur’.

339 3078 359 3139 ²)
375 3082 439 3128 Vide
457 3080 575 3127 8111111111
588 3079 667 3126 verba
682 3075 804 3143 (Speoim.
819 3080 875 3126 crit.
890 3095 915 3140 p.
933 3079 957 3141 1)
980 3082 1034 3137 ,dd
1051 3085 1169 3129 veterum
1189 3081 1270 3128 libros
1283 3084 1353 3128 recte
1371 3080 1484 3127 edendos

308 3162 352 3219 qui
365 3161 488 3207 accedere
496 3161 560 3216 vult,
574 3159 724 3217 primarium
740 3160 796 3206 eius
810 3173 905 3206 munus
915 3163 955 3206 eet
964 3161 1066 3207 codices
1076 3175 1153 3219 quam
1164 3161 1355 3207 accuratissime
1365 3164 1485 3206 excutere

308 3245 334 3286 et
356 3253 422 3298 quae
445 3240 511 3285 inter
532 3238 647 3296 singulos
670 3238 745 3284 unius
768 3239 903 3297 scriptoris
925 3237 1005 3285 libros
1028 3241 1094 3285 ratio
1117 3240 1267 3297 intercedat,
1289 3239 1484 3297 diligentissime

309 3319 449 3377 explorare.
473 3318 538 3364 Nam
563 3315 702 3374 superioris
727 3317 819 3362 aetatis
845 3329 901 3363 mos
924 3317 984 3362 hino
1008 3317 1079 3364 illino
1103 3318 1240 3364 lectionem
1265 3331 1331 3376 quae
1357 3318 1486 3364 arridebat

309 3397 465 3457 decerpendi
478 3396 555 3442 hodie
568 3395 666 3441 desitus
680 3396 720 3440 est
734 3395 792 3451 coli,
807 3408 867 3441 cum
881 3409 931 3441 non
946 3397 997 3442 1111
1011 3395 1039 3441 ld
1054 3399 1146 3455 agatur
1160 3400 1190 3443 ut
1203 3398 1323 3457 scriptori
1342 3398 1485 3456 elegantiae

310 3476 488 3530 obtrudantur,
506 3475 552 3520 sed
569 3477 598 3520 ut
615 3474 762 3532 exploretur
780 3474 843 3532 quid
862 3475 894 3520 ab
914 3487 943 3521 eo
961 3476 1085 3534 scriptum
1104 3477 1138 3521 sit
1155 3477 1241 3522 vsrs.”

344 3551 519 3618 3)(1111111111
542 3555 717 3599 verterunt
738 3551 827 3599 Latine
850 3555 977 3601 Antonius
1002 3556 1152 3602 Oassarinus
1175 3552 1296 3620 (Siculus,
1316 3556 1349 3603 de
1367 3569 1417 3616 quo
1434 3557 1485 3602 vid.

308 3632 471 3692 Philologum
495 3633 567 3679 1858.
590 3633 672 3678 Homo
694 3634 811 3678 mortuus
834 3635 874 3678 est
898 3647 965 3680 anno
991 3635 1054 3680 1444
1077 3648 1101 3693 p.
1126 3635 1171 3681 (lh.
1195 3637 1238 3692 1.),
1262 3636 1365 3681 llicinus
1391 3631 1486 3700 (1482),

310 3713 446 3760 (1111111111
463 3708 561 3772 (1561),
579 3711 703 3756 81111111
723 3711 807 3767 (1578)
823 3737 853 3744 -
870 3708 967 3758 Batava
983 3713 1013 3757 D.
1033 3713 1132 3771 Burger
1146 3709 1233 3777 (1849)
1249 3741 1279 3748 -
1296 3714 1389 3761 Gallice
1401 3716 1486 3762 Ludo-

309 3794 381 3839 vious
406 3791 502 3849 Regius
528 3785 623 3853 (1559),
649 3789 680 3834 de
707 3789 733 3834 la
756 3787 932 3837 Phillonniere
955 3793 1030 3848 (1726
1055 3790 1155 3850 Lond.),
1180 3793 1250 3839 Grou
1274 3791 1310 3853 (ΙΙ
1337 3795 1376 3840 ed.
1404 3792 1487 3854 1851),

309 3875 339 3921 N.
364 3872 458 3919 Oousin
481 3865 577 3933 (1822),
599 3871 627 3915 Δ.
652 3870 757 3915 Bastien
782 3865 1077 3934 (1876)-6111111111
1097 3872 1324 3929 Sohleiermacher,
1348 3873 1488 3919 Schneider

310 3950 348 4015 (ΙΙ
371 3952 411 3998 ed.
435 3945 519 4013 1850),
542 3950 573 3995 H.
597 3949 690 3995 11111111
713 3945 810 4012 (1855),
834 3950 958 4008 Wiagand
984 3947 1107 4012 (1855,8),
1130 3949 1218 3996 Prantl
1244 3948 1340 4013 (1857),
1365 3953 1395 3999 G.
1421 3953 1487 3997 Hsss

310 4025 437 4093 (1884)-
450 4027 594 4075 Britannice
609 4028 691 4086 Spens
708 4023 785 4090 (1763
804 4025 911 4090 (11118),
930 4031 953 4076 J.
971 4029 1000 4074 L.
1016 4029 1110 4075 Davies
1128 4030 1177 4074 and
1192 4031 1215 4076 J.
1229 4031 1259 4075 D.
1275 4032 1398 4090 Vaughan
1415 4028 1486 4092 (ch.

313 4106 398 4174 1852),
415 4112 452 4157 W.
469 4109 499 4154 L.
513 4109 642 4162 Newman,
660 4109 754 4154 Jowett
769 4134 799 4141 -
813 4106 904 4154 Italica
918 4109 983 4166 Eug.
999 4105 1085 4154 Farrai
1102 4105 1190 4172 (1882)
1206 4112 1232 4155 11
1246 4111 1374 4168 Ruggioro
1388 4111 1488 4166 Bonghi

312 4188 399 4255 (1883)
417 4202 516 4236 necnon
534 4187 577 4232 alii
594 4187 620 4231 in
638 4186 717 4231 alium
736 4200 888 4233 sermonem.

345 4266 366 4329 ⁴)
393 4269 527 4314 (1111111111
550 4264 727 4310 ediderunt
752 4268 855 4322 praeter
880 4265 982 4322 Aldum,
1006 4267 1155 4325 Oporlnum,
1175 4268 1325 4325 Hopperum
1343 4267 1488 4326 Stephanus

311 4346 410 4411 (1578),
427 4347 499 4393 Edm.
517 4345 709 4403 111111110713
729 4346 852 4402 cantab),
870 4345 890 4391 Ι.
910 4346 930 4390 Ι.
949 4346 1101 4392 8111111111
1119 4346 1141 4404 (Ι
1159 4347 1197 4392 ed.
1219 4347 1378 4406 18051111),
1396 4347 1423 4392 F.
1442 4348 1489 4392 Ast

312 4426 389 4493 (1804
404 4445 428 4470 =
443 4428 514 4481 1820,
534 4426 606 4481 1814,
627 4425 711 4486 1822),
728 4425 829 4470 Bekker
846 4424 922 4481 (1825
939 4420 1040 4481 Lond.)
1055 4425 1199 4471 Stallbaum
1214 4423 1297 4485 (1889.
1315 4425 1387 4472 1850.
1404 4425 1489 4486 1858),

313 4509 453 4556 Schneider
476 4502 552 4569 (1880
576 4506 637 4563 Lps.
663 4505 724 4550 1841
743 4504 845 4549 Vralisl.
871 4506 934 4550 1846
959 4501 1060 4568 Paris),
1078 4506 1207 4551 Hermann
1225 4501 1323 4568 (1852),
1340 4505 1426 4550 Baiter
1443 4505 1489 4567 (IV

314 4589 353 4634 ed.
379 4589 462 4646 1874),
485 4588 508 4633 J.
527 4586 620 4632 Martio
641 4580 689 4646 (La
707 4581 816 4641 Republ.
835 4565 905 4629 8¹²³me
922 4583 965 4628 liv.
985 4580 1070 4645 1882),
1087 4584 1116 4628 Ε.
1134 4585 1164 4630 G.
1182 4585 1269 4642 Hardy
1286 4579 1367 4647 (Book
1384 4584 1397 4628 I
1416 4585 1489 4639 1882,

314 4666 416 4731 1111111),
439 4664 466 4712 G.
490 4666 520 4710 H.
539 4664 617 4711 Wells
639 4662 719 4719 (Book
740 4662 752 4706 I
774 4661 822 4706 and
840 4661 867 4706 H
886 4662 958 4715 1882,
975 4661 1074 4718 hond),
1092 4662 1240 4708 Schmelzer
1257 4663 1353 4722 (1884),
1370 4663 1399 4708 B.
1416 4661 1488 4708 Aube
