3417 5175
727 384 790 443 109

170 568 349 643 ,auxilium
380 568 560 629 senioribus
591 570 786 630 accubituris
818 571 870 631 vel
899 572 1096 633 decubituris
1121 589 1140 633 a
1164 574 1341 634 iunioribus

168 684 401 756 praestandum
431 685 525 743 esse”
553 684 745 758 probabilior
767 687 819 745 est
841 700 942 758 quam
967 686 1062 763 Astii,
1087 687 1139 747 cui
1162 686 1343 758 κατακλίσεις
1460 710 1464 719 ·

167 795 256 856 idem
275 798 353 855 sunt
371 798 469 869 atque
488 793 663 869 ἀποκλίσεις.
684 798 721 858 Ιιι
745 799 1005 874 ,Additamentis
1025 800 1065 860 ad
1086 799 1117 859 X
1137 800 1204 860 Lib.
1227 799 1342 861 divit.”

172 908 345 970 Schneider
379 909 468 970 addit
505 911 629 986 ,possis
658 912 759 971 etiam
789 913 828 972 de
861 912 1068 973 observantia
1098 914 1249 989 cogitare,
1281 929 1345 987 qua
1457 902 1460 909 ’

167 1022 354 1084 venientem
377 1024 430 1083 vel
454 1025 598 1085 stantem
622 1026 659 1085 ut
682 1026 848 1086 considere
869 1026 958 1103 velit,
980 1026 1191 1087 invitamus.’'
1212 1026 1344 1087 Valcke-

167 1150 247 1196 naer
277 1138 320 1208 (in
350 1138 452 1212 ipsius
483 1138 610 1199 schedis
641 1139 739 1212 Lugd.
772 1139 808 1200 B.
842 1140 1031 1213 asservatis,
1063 1140 1101 1200 de
1130 1139 1247 1212 quibus
1271 1140 1344 1200 vide

169 1247 326 1311 Cobetum
353 1252 387 1312 in
414 1252 476 1313 Mn.
500 1253 585 1312 1860
604 1268 634 1327 p.
656 1254 731 1323 352)
751 1254 789 1314 ci.
812 1252 1006 1323 κασεκκλίσεις
1026 1253 1078 1313 vel
1098 1250 1248 1329 ἐκκλίσεις,
1267 1253 1343 1314 Her·

170 1364 340 1426 werdenus
370 1367 482 1425 autem
513 1366 586 1436 (lin.
622 1366 717 1437 1891)
748 1368 878 1441 propter
900 1366 1087 1427 Aristotelis
1111 1367 1218 1428 locum
1242 1368 1343 1427 consi·

170 1477 286 1537 milam
316 1478 398 1549 (lith.
429 1480 497 1541 Nic.
532 1482 561 1541 9.
595 1482 625 1541 2.
654 1480 674 1539 9
698 1478 900 1539 ὁπανασκᾶσει
924 1477 974 1540 καὶ
996 1479 1172 1551 κατακλίσει)
1195 1482 1289 1557 putat
1313 1482 1346 1542 θὸ

170 1591 340 1652 Platonem
374 1592 543 1667 scripsisse
578 1589 618 1663 ὁς
653 1593 701 1663 (V.
737 1594 784 1663 L.)
819 1589 933 1671 πρέπει,
966 1590 1016 1653 καὶ
1047 1591 1263 1665 ὑπαναστάσεις
1295 1591 1346 1653 καί

169 1705 361 1782 κατακλίσεις,
390 1706 436 1765 ita
465 1707 502 1766 ut
534 1706 658 1766 dictum
689 1708 778 1767 esset
808 1723 865 1782 pro
897 1704 1139 1779 ὑποκατακλίσεις
1171 1708 1266 1781 (quod
1294 1708 1346 1769 hic

170 1820 253 1880 satis
283 1820 474 1893 ambiguum
505 1821 576 1891 est).
610 1820 708 1881 Pauci
736 1821 847 1895 opinor
871 1824 930 1881 has
954 1824 1001 1881 c2‘·s
1023 1822 1188 1897 probaturi
1211 1823 1289 1881 sunt
1313 1824 1346 1882 et

171 1948 190 1993 a
210 1933 394 1997 Schneideri
413 1934 678 2010 interpretatione
699 1935 851 1996 decedere
872 1935 992 1995 volent.
1016 1968 1056 1978 -
1078 1935 1151 1995 Mox
1168 1950 1194 1995 c.
1209 1935 1345 1995 stobaeo

168 2046 241 2120 lege
259 2046 371 2126 κννρνίς
390 2068 420 2107 ιε
439 2064 496 2123 μισ
515 2070 540 2107 κ.
558 2070 607 2128 με;
628 2048 787 2123 particula
805 2070 838 2128 με
857 2049 910 2109 hic
929 2048 1023 2124 plane
1042 2048 1257 2109 incommoda.
1278 2048 1345 2123 Quo

168 2161 263 2222 modo
283 2162 375 2224 Plato
394 2162 563 2238 particulis
582 2184 611 2222 νε
630 2160 774 2222 καὶ-καί
793 2164 827 2222 in
847 2162 1145 2223 enumerationibus
1167 2161 1217 2221 uti
1232 2160 1344 2237 soleat,

168 2275 209 2335 ad
241 2276 354 2336 3291
380 2276 551 2337 declaravi.
575 2276 653 2337 Post
675 2275 837 2355 θεραπείας
861 2292 983 2337 novum
1006 2292 1108 2350 genus
1131 2283 1191 2335 νῶν
1215 2283 1346 2354 σμικρῶν

168 2386 304 2466 νομίμων
326 2390 448 2465 incipit.
475 2423 515 2433 -
540 2389 745 2466 optimorum
771 2390 862 2451 codd.
886 2390 960 2451 lect.
985 2386 1017 2449 ἐκ
1042 2398 1093 2467 τῆς
1117 2388 1253 2460 παιδείας
1278 2387 1347 2449 ὁποι

170 2504 268 2580 (prob.
310 2504 391 2566 Bkk.
434 2504 529 2565 Schn.
567 2504 678 2564 Herm.
719 2504 818 2565 ceteri
857 2504 1007 2575 editores)
1046 2503 1200 2579 explicari
1238 2505 1346 2578 potest

169 2618 233 2680 sio:
265 2615 298 2678 ἐκ
327 2626 379 2696 τῆς
409 2617 546 2689 παιδείας
576 2610 653 2677 εἶναι
681 2615 718 2677 τὰ
748 2615 878 2695 ἑπόμενα
900 2626 1023 2678 τοιαῦτα
1047 2612 1109 2689 οἷος
1132 2614 1171 2677 ἂν
1195 2614 1211 2677 ὁ
1236 2616 1346 2689 σκοπὸς

168 2741 220 2811 τῆς
243 2732 379 2804 παιδείας
402 2725 430 2817 ᾖ.
455 2733 685 2794 Schneiderum
710 2735 893 2794 vertentem
925 2749 1006 2809 ,quo
1031 2749 1225 2794 conversum
1249 2733 1346 2794 fuerit

170 2847 325 2921 cuiusque
348 2848 504 2908 educandi
526 2847 667 2923 initium,
692 2847 772 2907 talia
795 2863 868 2908 esse
892 2848 963 2909 etc”
988 2847 1119 2908 omnino
1144 2847 1227 2920 fugit
1248 2847 1346 2906 verba

170 2957 202 3019 ίκ
219 2967 271 3037 τῆς
290 2959 426 3031 παιδείας
445 2976 509 3021 non
529 2961 570 3020 ad
590 2956 706 3043 ὁρμήσῃ
725 2961 896 3036 μειλίσσεο,
918 2961 976 3020 sed
995 2961 1107 3033 utique
1128 2974 1203 3020 cum
1224 2967 1345 3019 νοιαιλνα

169 3071 206 3132 ιὸι
229 3071 357 3151 ἑπόμενα
381 3066 456 3133 εἶναι
479 3074 641 3147 iungenda
660 3088 743 3134 esse.
764 3073 835 3131 vam
859 3074 883 3133 L
908 3070 966 3156 ὁπρ
991 3073 1077 3135 male
1096 3074 1158 3133 Ast
1179 3074 1213 3133 et
1233 3071 1344 3133 Stallb.

170 3190 279 3260 (1829)
310 3189 496 3266 probarunt,
528 3189 621 3249 cuius
652 3189 686 3247 ca
716 3183 818 3257 ὁποῖος
841 3190 971 3262 propter
994 3182 1110 3269 ὁρμήσῃ
1134 3186 1210 3246 ferri
1233 3185 1346 3258 nequit

170 3303 211 3364 ob
231 3304 431 3377 eandemque
450 3318 585 3364 causam
604 3301 727 3362 Helleni
747 3301 831 3372 (Cur.
852 3302 922 3362 erit.
943 3317 973 3376 μ.
997 3302 1047 3372 18)
1065 3303 1098 3361 ca
1113 3295 1194 3361 ὁποῖ’
1210 3306 1265 3372 (z
1277 3298 1346 3384 ὁπρ)

171 3417 615 3492 ιε1σ1ειιὸε.1)οὸιεελ(μιο1ι.
637 3415 800 3476 Herwerd.
822 3415 884 3475 Mn.
910 3415 1005 3486 1883)
1026 3417 1060 3475 ca
1074 3411 1178 3486 ὁποίας
1191 3411 1229 3473 δν
1241 3419 1291 3474 κιλ
1303 3448 1346 3456 -

121 3529 147 3598 G
170 3532 192 3592 i.
213 3546 240 3592 e.
262 3527 291 3602 ἐξ
312 3527 417 3603 ὁποίας
432 3565 472 3572 -
485 3530 729 3604 elegantissima
741 3533 802 3604 est,
816 3530 873 3590 sed
886 3530 1022 3591 minime
1034 3531 1229 3591 necessaria.
1243 3520 1264 3612 ΙΙ
1276 3530 1346 3590 Νοιι

171 3643 258 3705 male
289 3643 471 3720 complures
503 3645 591 3705 codd.
623 3642 655 3704 τὸ
682 3643 787 3721 ὁμοιον
816 3641 874 3716 [δν]
904 3645 1067 3721 exhibent,
1092 3646 1259 3719 praeterea
1283 3659 1347 3705 cor·

170 3758 239 3831 rige
263 3755 367 3834 ὅμοιόν
393 3759 502 3832 <τι>
528 3762 699 3837 παρακαλεῖ.
724 3758 793 3819 Sed.
819 3757 950 3833 Gampb.
966 3758 1046 3819 Par.
1073 3759 1102 3818 A
1124 3756 1156 3818 τὸ
1181 3755 1285 3836 ὅμοιον
1304 3754 1349 3834 ὄν,

170 3887 235 3932 non
264 3870 297 3931 κδ
329 3869 433 3949 ὁμοιον
464 3872 679 3946 superscripto
712 3868 747 3931 δν
779 3872 919 3934 exhibet.
953 3905 993 3915 -
1025 3873 1140 3933 Astius
1162 3871 1346 3946 postulabat

170 3985 200 4045 τί
227 3982 283 4066 μδιρ
315 3982 359 4045 οδ
390 4001 447 4060 μισ
478 4007 500 4044 ν.
523 4009 549 4065 μ.
574 3982 645 4058 olim
669 4001 745 4046 cum
768 3987 880 4046 autem
903 3985 1044 4046 formula
1067 3985 1097 4044 ιί
1118 3982 1166 4058 δί;
1190 3986 1265 4044 ante
1289 3980 1347 4059 ἔφη

172 4103 206 4162 et
228 4101 350 4162 similia
373 4100 542 4161 elisionem
565 4101 718 4176 patiatur,
742 4099 920 4161 verisimile
944 4102 996 4160 est
1019 4100 1146 4160 Atticos
1171 4099 1271 4159 etiam
1291 4112 1349 4171 pro

171 4214 201 4274 ιί
229 4211 285 4294 μὰρ
316 4210 361 4274 oli
392 4215 468 4275 ante
492 4213 639 4274 vocalem
667 4214 778 4273 hiatus
801 4214 926 4274 vitandi
949 4229 1048 4274 causa
1072 4212 1211 4273 scribere
1234 4209 1348 4270 solitos

172 4327 274 4389 fuisse
297 4350 320 4387 κ.
343 4351 369 4408 μ.
394 4323 472 4388 οὸκ.
490 4362 531 4371 -
547 4327 729 4388 Ριοιιοιιιειι
752 4325 821 4386 τάδε
845 4343 920 4388 eum
943 4326 1021 4386 Ρειι0
1046 4327 1075 4386 A
1098 4324 1233 4397 aliisque
1258 4324 1347 4384 codd.

174 4442 355 4503 omiserunt
397 4443 458 4503 soli
492 4442 605 4503 Herm.
640 4441 724 4503 Bait.
761 4440 956 4502 Schmelzer.
992 4439 1069 4498 llihi
1102 4436 1171 4496 ποίδε
1206 4452 1281 4497 σασα
1315 4437 1348 4497 in

173 4556 251 4618 Par⁰
277 4556 306 4616 A
338 4556 498 4617 excidisse
530 4555 668 4630 videtur,
699 4554 809 4628 itaque
839 4556 927 4616 recte
958 4550 1123 4627 Oampbell
1147 4566 1262 4613 vocem
1286 4567 1348 4612 ser-

173 4672 266 4733 vavit
297 4671 368 4732 coll.
393 4671 457 4731 403
478 4670 503 4730 Ε
526 4669 618 4729 τῶνδε
642 4676 700 4728 τῶν
724 4663 868 4745 ἀσκητῶν.
894 4666 1022 4743 Optime
1047 4668 1158 4727 autem
1182 4663 1347 4726 Herwerd.
