3417 5175
773 376 835 438 157

214 562 351 636 denique
375 563 422 634 (in
450 563 520 624 eius
552 564 725 627 corollario
740 558 761 636 ¹)
785 566 932 627 emendd.
956 566 1196 628 Platonicorum
1219 581 1249 642 p.
1276 563 1330 643 21)
1355 570 1388 627 οιι

214 670 311 735 ἄλλων
341 679 458 736 πολλῶν
488 677 734 753 palaeographia
764 694 829 740 non
859 679 1115 740 sommendatur.
1146 712 1189 720 —
1219 678 1294 739 Mox
1317 678 1388 752 lege

162 779 192 844 B
215 787 321 866 νυνδή.
346 781 365 872 ΙΙ
390 791 474 864 Lege
503 789 555 863 τοὶς
585 812 617 871 γε
647 807 704 867 pro
734 790 785 863 τοὶς
815 812 854 870 σε,
883 794 957 867 post
984 812 1043 852 πον
1067 807 1164 866 saepe
1187 813 1219 871 γε
1242 792 1387 866 additur3

216 904 289 994 vide
313 903 400 964 diota
422 905 462 965 ad
487 904 606 967 3341d.

68 1008 132 1069 477
160 1004 191 1071 A
258 1016 363 1079 Verba
396 1014 454 1077 adv
487 1018 513 1078 εἰ
547 1023 695 1104 πλεοναχῇ
725 1025 887 1099 σκοποῖμεν
915 1021 1042 1084 vitiosa¹
1067 1022 1154 1096 sunt,
1187 1020 1263 1095 quia
1294 1020 1389 1095 plane

212 1130 383 1192 ridiculum
408 1135 460 1193 est
482 1148 595 1207 rogare
618 1108 769 1210 „hoscine
787 1135 847 1196 tibi
867 1134 991 1195 olerum
1012 1135 1073 1210 est,
1094 1133 1224 1194 etiamsi
1243 1134 1389 1208 pluribus

212 1245 392 1306 rationibus
422 1247 697 1324 consideremus‚”
729 1249 822 1322 quasi
852 1263 906 1309 res
937 1247 1101 1309 obscurior
1128 1246 1197 1308 fleri
1221 1246 1335 1323 soleat,
1360 1250 1389 1308 si

213 1357 426 1419 multifariam
458 1360 659 1436 exploretur3
691 1361 800 1436 itaque
830 1376 963 1437 prorsus
994 1361 1155 1423 assentior
1179 1360 1273 1422 Aetio
1296 1362 1388 1423 oorri·

212 1472 301 1545 genti
324 1469 444 1551 ἔχομεΝ
466 1477 569 1547 <Η>
595 1472 646 1534 καὶ
668 1478 817 1559 πλεοναχῇ
839 1484 1004 1553 σκοπῶμεν.
1028 1476 1206 1549 Postquam
1226 1470 1246 1553 ἢ
1265 1476 1387 1537 excide·

212 1591 273 1663 rat,
304 1586 426 1649 librarii
454 1589 585 1649 textum
612 1588 725 1651 iuloire
749 1591 857 1651 oonsti
880 1591 966 1651 sunt.
991 1622 1035 1631 -
1058 1589 1158 1650 Paulo
1181 1590 1255 1664 post
1278 1590 1388 1651 reseri-

213 1699 355 1761 bendum
381 1698 485 1775 <νὸ>
512 1700 553 1779 μὴ
576 1699 613 1761 dv
635 1699 678 1781 δέ,
699 1704 790 1765 artie.
815 1721 835 1765 a
858 1719 1048 1779 praegressa
1071 1702 1198 1777 syllaba
1217 1704 1389 1780 absorptus

212 1817 272 1875 ost.
305 1815 380 1876 Mox
411 1816 482 1874 vam
513 1817 538 1876 L
566 1816 727 1896 εἰλικρινῶς
749 1819 926 1893 probarunt
949 1818 1009 1880 soli
1034 1818 1128 1879 Sohn.
1154 1818 1187 1878 et
1209 1818 1388 1895 Hermann,

213 1930 324 1991 oontra
350 1930 491 2013 optimos
515 1931 651 1993 codices.
676 1931 908 1993 Valckenarius
933 1946 1046 1993 vooem
1070 1931 1110 1991 ab
1133 1923 1209 2001 εἷλος
1233 1933 1265 1991 et
1276 1929 1389 2010 κρίνειν

213 2044 421 2119 repetendam
445 2045 582 2122 consuit,
604 2046 817 2107 Ruhnkenius
840 2048 953 2107 autem
977 2045 1017 2106 ab
1042 2043 1112 2122 ελλη.
1134 2042 1329 2103 Bodleianus
1348 2045 1389 2104 ad

212 2158 373 2219 Phaedon.
409 2161 451 2220 66
464 2158 493 2218 Α
527 2157 589 2219 ελλι.
623 2160 765 2233 praebet.
798 2148 842 2204 '—
874 2160 912 2220 in
942 2158 1099 2235 proximis
1131 2155 1244 2217 οὐκοῦν
1275 2152 1388 2218 int...

213 2268 350 2349 ζητητέον
377 2287 483 2333 nexus
506 2273 611 2350 periit,
635 2288 733 2347 quem
756 2273 879 2335 librarii
898 2286 1075 2349 paucorum
1098 2271 1246 2333 oodioum
1269 2270 1387 2333 deterr.

212 2386 395 2461 recuperari
418 2402 514 2462 posse
533 2388 692 2462 particula
715 2383 748 2446 ot
772 2388 879 2448 verbis
902 2383 950 2446 ἐπὶ
972 2395 1012 2470 rot
1035 2384 1143 2463 μεταξὺ
1167 2384 1261 2469 τούτῳ
1280 2384 1388 2461 μεταξὺ

212 2504 262 2560 πολ
285 2501 456 2562 inserenda
479 2502 522 2572 (in
546 2501 619 2562 aliis
642 2496 674 2562 δὲ
696 2503 771 2576 post
793 2499 851 2579 ἐπί,
870 2502 904 2561 in
923 2501 997 2562 aliis
1016 2501 1090 2576 post
1108 2509 1147 2583 οφ
1168 2498 1275 2577 μεταξὺ
1295 2499 1386 2561 infer·

213 2631 287 2676 sum
308 2618 368 2686 est)
391 2615 475 2677 falso
494 2618 659 2691 putarunt.
682 2616 917 2678 Stallbaumius
937 2617 996 2687 (ed.
1019 2615 1125 2685 Goth.)
1145 2615 1206 2675 sibi
1227 2615 1317 2676 visus
1337 2616 1388 2677 est

212 2728 319 2789 textui
352 2729 435 2789 satis
461 2730 640 2804 providisse
671 2730 851 2806 recipiendo
875 2731 946 2789 vam
969 2730 994 2791 L
1018 2727 1048 2809 (e
1072 2729 1195 2789 Moneo.
1221 2731 1251 2804 q)
1275 2726 1388 2788 οὐκοῦν

217 2842 313 2913 <ελ>
341 2841 389 2903 ἐπὶ
407 2847 466 2920 κτλ,
485 2845 521 2904 at
539 2843 567 2904 εἰ
574 2891 648 2906 .....
670 2835 708 2922 ἦν
728 2846 781 2906 hio
799 2846 875 2906 ferri
896 2860 960 2905 non
979 2846 1096 2920 potest.
1116 2844 1327 2904 Hermennus
1348 2844 1387 2905 oi.

216 2953 350 3027 <ἔπελ>
384 2953 432 3016 ἐπὶ
463 2957 556 3028 (Bait.
585 2959 619 3019 et
642 2956 773 3032 campo.
797 2954 910 3036 pron),
935 2973 1017 3031 quae
1040 2958 1146 3034 lectio,
1171 2959 1234 3019 etsi
1257 2958 1389 3018 auribus

212 3071 368 3144 ingratior
391 3071 453 3146 est,
477 3070 616 3132 fortasse
639 3071 751 3131 tamen
774 3086 852 3131 vera
872 3072 932 3131 est.
953 3070 1032 3132 Vide
1052 3072 1163 3132 autem
1183 3086 1225 3131 an
1244 3072 1389 3146 praestet

213 3184 371 3258 corrigere
405 3181 518 3243 οὐκοῦν
558 3179 667 3251 <dv>
681 3229 753 3243 .....
788 3175 807 3267 ᾖ
839 3180 909 3261 (pro
939 3174 1007 3262 ᾖν);
1038 3185 1169 3259 saepius
1200 3175 1256 3245 οὖν
1286 3187 1320 3246 et
1350 3180 1389 3242 iio

212 3298 451 3359 confunduntur
481 3298 516 3358 et
544 3296 698 3358 facillime
728 3293 767 3355 dv
796 3298 871 3372 poet
898 3285 1011 3357 οὐλοόν
1035 3297 1182 3358 excidere
1205 3298 1320 3372 potuit.
1346 3331 1387 3342 —

212 3412 282 3470 vam
314 3410 339 3471 L
369 3407 417 3470 ἐπλ
451 3402 562 3494 <σῷ>’
593 3408 633 3488 μὴ
665 3407 728 3471 ivn
750 3411 934 3472 rectissime
956 3413 1019 3472 Ast
1041 3411 1141 3472 Bekk.
1168 3410 1280 3472 Stallb.
1305 3427 1387 3474 roce-

161 3509 190 3573 Β
213 3527 339 3600 parunt.
364 3516 384 3608 ΙΙ
408 3525 478 3585 vam
501 3525 526 3584 L
548 3521 622 3584 κατὰ
645 3523 699 3602 τὴν
723 3526 854 3602 δύναμιν
877 3521 998 3604 ἑκατέρα
1019 3522 1074 3602 τὴν
1097 3521 1190 3602 αὐτῆς
1213 3525 1389 3599 probarunt

212 3639 275 3697 Ast
309 3637 422 3699 Stallb.
457 3639 566 3709 (1858)
601 3639 748 3700 Sohneid.
785 3639 951 3700 Herwerd.
993 3634 1068 3716 (Mn.
1107 3635 1203 3716 1883)
1245 3637 1387 3715 campa,

211 3751 403 3828 rectissime,
423 3768 502 3814 nam
517 3738 715 3829 optimorum
735 3753 825 3815 codd.
845 3744 1087 3822 leot.v1tiosa²)
1105 3754 1166 3813 est.
1179 3752 1388 3814 Hermannus

212 3862 311 3944 (prob.
331 3866 415 3927 Bait.
436 3868 469 3928 et
488 3865 599 3927 Helier
618 3866 690 3927 Our.
712 3867 782 3928 crit.
804 3882 834 3941 p.
855 3867 908 3937 32)
930 3867 968 3927 oi.
989 3863 1064 3925 ποσὰ
1083 3857 1137 3943 την
1153 3861 1246 3944 ἄλλην
1258 3865 1388 3943 δύναμιν

147 4053 150 4058 ,
210 3976 232 4040 ἕ.
262 3977 318 4057 νην
348 4003 376 4040 ο.
407 3981 428 4042 i.
460 3997 488 4042 o.
523 3981 722 4057 „seeundum
751 3995 846 4042 suam
876 3995 1021 4054 quaeque
1048 3980 1204 4040 diversam
1226 3979 1266 4039 ab
1290 3979 1388 4040 odero

247 4197 268 4266 ¹)
290 4200 365 4258 Quod
388 4203 445 4250 eius
466 4204 562 4264 soripto
588 4204 690 4259 „Uebor
711 4203 753 4250 dis
774 4202 929 4263 Bedeutung
945 4203 992 4250 des
1012 4202 1117 4260 Dialogs
1134 4198 1270 4247 Phaedone
1287 4200 1329 4247 fiir
1345 4201 1387 4248 die

213 4284 261 4329 eto.
278 4283 355 4342 Prog.
371 4282 533 4341 Budoletadt,
553 4283 634 4331 lard’
652 4283 768 4331 additum
786 4284 833 4329 est

245 4356 267 4424 ²)
284 4363 398 4410 Venetus
420 4367 450 4409 Π
466 4358 522 4426 (qui
544 4376 595 4410 seo.
618 4361 683 4410 Bkk.
707 4362 793 4411 exhib.
816 4364 930 4422 ἐπιστήμη
949 4360 961 4421 ἢ
978 4360 1038 4408 κατὰ
1054 4358 1096 4417 την
1113 4357 1185 4417 αὐτὴν
1202 4358 1249 4406 dtr.
1267 4363 1329 4408 λνασ.
1346 4361 1387 4421 τὴν

212 4439 292 4502 αὐτῆς)
315 4455 365 4489 reo.
390 4441 529 4489 Outellani
551 4442 660 4504 praebet
682 4443 742 4488 md
763 4441 805 4501 τὴν
827 4441 899 4500 αὐτὴν
921 4440 969 4487 dria
992 4439 1082 4498 ἢκασὰ
1099 4436 1140 4495 τὴν
1157 4436 1230 4495 αὐτὴν
1247 4438 1294 4486 δύο.
1312 4443 1328 4485 i.
1346 4440 1387 4500 σὴν

212 4522 282 4580 αὑτῆς
303 4533 410 4581 prorsus
433 4524 463 4569 ut
485 4522 566 4570 oodex
588 4521 725 4580 Μολοσσοὶ,
748 4522 774 4568 in
798 4521 872 4568 ouius
895 4532 946 4579 mg.
969 4519 1033 4566 hese
1053 4517 1174 4576 teguntur
1196 4518 1251 4572 ἴσως
1276 4519 1336 4567 οὕτω
1353 4522 1388 4569 δοῖ

212 4603 354 4665 γράφεσθαι.
371 4605 434 4650 roi..
451 4604 511 4649 κατὰ
528 4601 570 4662 τὴν
586 4601 658 4661 αὐτὴν
674 4601 773 4661 δύναμιν
790 4601 803 4660 ἢ
820 4600 874 4649 κατ’
893 4600 963 4659 ἄλλην
980 4601 1018 4646 καὶ
1035 4599 1105 4658 ἄλλην
1122 4599 1220 4655 δύναμιν
1235 4599 1331 4665 §aaziae
1349 4608 1388 4661 τῆς

212 4682 283 4740 αὐτῆς
297 4682 374 4736 οὕτως.
