3417 5175
774 374 811 433 11

196 563 290 624 latiae
321 560 415 633 (αὐτὸ)
446 562 532 623 enim
564 562 685 623 amoris
712 563 854 637 impetus
878 578 916 624 ac
939 562 1101 624 cruciatus
1124 560 1293 637 significat,
1319 563 1375 621 mi·

198 677 290 737 nime
320 677 433 738 autem
446 705 450 711 ν
463 676 655 737 facultatem
686 672 737 746 (ia
768 667 830 746 οἶός
860 668 887 734 τ’
914 668 949 746 εί)
973 676 1069 737 rebus
1092 675 1232 736 veneriis
1256 676 1376 751 utendi,

199 805 266 863 qua
285 805 389 863 neque
408 789 465 849 alii
483 804 542 850 nec
562 788 745 864 Sophocles,
759 789 791 848 ni
803 788 907 864 fallor,
921 785 1117 865 ἀσμεναίτατα
1129 789 1376 850 dest'tuebatur.

199 904 352 963 Praestat
374 902 446 963 αὐτὸ
462 898 483 974 ¹)
508 901 664 982 ἀπέφυγον
687 918 787 977 quam
807 901 883 962 αὐτὰ
904 900 1059 981 ἀπέφυγον
1080 904 1138 973 (sio
1158 902 1255 964 Glem.
1271 902 1377 977 Alex„

199 1016 431 1093 Theodoretus,
456 1017 575 1088 Theon)
599 1017 715 1093 legere,
740 1017 815 1090 quia
834 1014 933 1076 αὐτὰ
952 1013 1130 1095 τάφροδίσια
1149 1018 1279 1077 tantum
1301 1016 1377 1075 indi·

200 1131 264 1199 cat,
306 1127 378 1189 αὐτὸ
414 1145 490 1191 vero
523 1138 577 1189 τοῦ
612 1127 832 1215 ἀφροδισιάζειν
867 1131 1036 1205 impetum,
1072 1145 1169 1203 quern
1204 1128 1378 1204 Sophocles

200 1244 319 1303 festive
354 1259 428 1304 cum
464 1244 584 1318 agresti
619 1258 657 1305 ac
690 1244 811 1304 furioso
846 1244 976 1304 domino
1012 1244 1222 1317 comparavit.
1258 1244 1377 1303 Parum
1426 1231 1430 1236 ’

200 1358 289 1418 recte
319 1357 402 1418 Bait.
431 1359 464 1417 et
487 1357 618 1433 eampo.
643 1354 841 1434 ἀσμενέστατα
865 1372 922 1432 pro
946 1353 1142 1432 ἀσμεναίτατα
1166 1357 1376 1431 revocarunt;

200 1471 399 1531 testimoniis
429 1470 592 1531 Eustathii
623 1473 656 1532 et
686 1471 794 1545 atym.
826 1470 934 1543 Magni
965 1470 1005 1530 ab
1029 1470 1121 1530 Astio
1145 1470 1254 1531 allatis
1278 1470 1378 1530 addas

200 1584 376 1657 Phrynichi
406 1584 497 1655 (Bkk.
527 1600 557 1660 p.
592 1586 643 1646 12.
670 1587 721 1655 11)
744 1581 944 1662 ἀσμενώτερος
970 1581 1020 1642 διὰ
1042 1591 1095 1643 τοῦ
1119 1590 1151 1642 ri.
1175 1581 1208 1642 τὸ
1231 1580 1378 1662 ἐπίρρημα

200 1694 479 1774 ἀσμεναίτατα.
511 1698 639 1774 Optime
670 1699 820 1760 Clemens
851 1698 946 1759 Alex.
974 1698 1138 1772 (probante
1162 1697 1378 1766 Herwerdeno

201 1810 265 1871 Mn.
297 1812 392 1881 1883)
415 1812 449 1870 in
472 1812 552 1886 ipsis
575 1813 826 1887 comparationis
851 1813 957 1873 verbis
980 1811 1185 1887 participium
1210 1807 1379 1889 ἀποφυγὼν

201 1924 323 2000 omisit,
344 1926 426 1998 quod
447 1926 502 2000 qui
521 1928 581 1986 viri
597 1928 682 1988 docti
694 1928 820 1988 tamdiu
833 1926 976 2011 tulerint,
990 1927 1200 1987 vehementer
1213 1927 1321 1985 miror.
1337 1959 1376 1969 -

201 2038 301 2099 Paulo
321 2041 395 2113 post
414 2040 560 2099 omnium
581 2040 715 2101 Politiae
735 2040 882 2100 codicum
902 2040 1062 2114 principes
1082 2040 1153 2099 Par.
1168 2040 1196 2098 A
1209 2041 1242 2099 et
1254 2039 1333 2099 Ven.
1350 2041 1382 2095 ll

201 2152 461 2227 conjunctionem
483 2151 539 2233 γὰρ
562 2156 636 2228 post
659 2151 779 2213 ἐντειδδιν
803 2154 960 2214 omittunt
981 2154 1146 2227 secutique
1168 2154 1243 2211 sunt
1266 2151 1378 2212 Herm.

200 2261 285 2321 Bait.
309 2263 468 2327 Schmelz.
494 2266 616 2328 Wohlr.
642 2267 784 2343 eampo„
807 2271 885 2327 recte
908 2272 1119 2340 (quamquam
1144 2281 1207 2327 non
1231 2267 1302 2325 erat
1324 2280 1381 2325 cur

201 2373 451 2450 interpunctioh
471 2380 518 2441 ita
539 2383 720 2442 mutaretur
740 2388 776 2441 ut
795 2382 961 2442 structura
981 2381 1128 2441 contorta
1147 2378 1260 2454 fleret),
1279 2393 1378 2452 quum

203 2490 362 2565 Cephalus
393 2493 443 2552 bis
469 2494 555 2555 idern
580 2496 675 2570 dicat,
699 2495 765 2555 illic
789 2511 923 2556 causam
949 2493 1092 2574 (εἰρήνην)
1113 2495 1207 2555 iuxta
1227 2494 1380 2555 effectum

202 2601 396 2682 (ἐλευθερίαν)
419 2621 552 2684 ponens,
576 2608 628 2668 hic
651 2610 804 2670 effectum
828 2606 870 2680 (τὸ
890 2605 1089 2686 ἀπηλλάχθαι)
1110 2623 1227 2669 causae
1248 2604 1379 2677 (ἐπειδὰν

140 2727 177 2792 1)
202 2717 236 2776 αί
264 2716 344 2780 ἐττιθ.
379 2723 439 2789 κτλ)
471 2722 678 2794 submittens.
704 2714 723 2805 ΙΙ
748 2722 861 2783 Stallh.
894 2723 1002 2793 (1829)
1031 2721 1214 2783 rectissime
1238 2718 1380 2797 (Baitero

201 2823 301 2906 prob.)
325 2830 384 2891 ἔστι
405 2833 576 2894 delendum
595 2836 737 2910 censuit;
752 2837 878 2896 utinam
890 2836 959 2910 ipse
972 2819 1192 2910 conjecturam
1205 2835 1380 2894 intextum

202 2946 343 3020 recipere
364 2962 464 3008 ausus
485 2950 588 3009 esset!
612 2983 653 2992 —
674 2949 824 3010 Alterum
843 2949 923 3009 illud
943 2940 966 3008 ὦ
986 2948 1141 3028 Σώκρατες
1154 2951 1191 3009 ut
1203 2963 1243 3008 ex
1255 2962 1379 3021 praece-

202 3059 351 3120 dentibus
386 3060 472 3121 male
504 3063 679 3137 repetitum
710 3064 924 3138 expungatur,
955 3063 1038 3134 quod
1070 3076 1134 3122 non
1165 3076 1298 3122 necesse
1331 3062 1382 3122 est

202 3173 327 3234 attente
347 3174 587 3236 auscultantem
607 3175 773 3236 Socratem
795 3176 915 3235 iterum
932 3191 952 3234 a
966 3174 1103 3249 Cephalo
1116 3173 1323 3249 interpellari.
1339 3208 1379 3216 —

202 3287 327 3348 Ultima
357 3288 444 3348 tertii
477 3289 593 3364 capitis
625 3289 780 3350 vocabula
810 3298 848 3370 τῷ
880 3287 1003 3372 τοιούτῳ
1036 3286 1192 3366 ξυμβαίνει
1215 3286 1407 3350 Herwerd..

202 3400 276 3471 (Mn.
315 3401 410 3472 1883)
445 3403 618 3463 eliminans
653 3403 722 3463 falli
756 3403 837 3462 mihi
873 3402 1009 3477 videtur,
1042 3401 1118 3475 quia
1149 3402 1310 3474 exquisite
1341 3411 1380 3484 τῷ

203 3515 326 3598 τοιούτῳ
339 3506 363 3584 ⁸)
383 3515 500 3588 singul.
523 3531 658 3577 numero
679 3516 860 3576 adhibitum
881 3516 985 3576 totam
1003 3515 1145 3591 speciem
1157 3522 1216 3574 τῶν
1229 3512 1381 3574 δυσκόλων

152 3627 365 3702 Esignificat
396 3644 456 3688 nec
487 3628 618 3702 Cephali
646 3630 842 3690 verbositate
874 3644 934 3689 nos
961 3629 1079 3690 offendi
1106 3629 1241 3703 oportet.
1267 3622 1381 3711 1111011

204 3757 231 3802 c.
256 3741 471 3803 Herwerdeno
495 3742 569 3812 (Mn.
594 3744 689 3813 1883)
709 3743 867 3816 corrigere
889 3740 1040 3818 ἐκτῆσθαι,
1064 3743 1324 3818 quiapurgata
1349 3744 1380 3801 el

204 3852 347 3932 ἐκτῆσθαι
367 3870 417 3929 ap.
442 3855 612 3916 Platonem
635 3857 819 3930 promiscue
839 3860 1037 3930 usurpantur
1057 3857 1131 3930 post
1148 3857 1379 3916 consonantem

204 3970 254 4040 (ei.
289 3969 397 4031 (lohet.
429 3970 462 4029 in
493 3970 555 4032 llln.
591 3971 675 4032 1862
706 3986 737 4045 p.
765 3966 848 4041 168).
876 4005 913 4014 -
941 3970 1058 4031 (lobeto
1082 3971 1156 4041 (Mn.
1185 3970 1279 4039 1884)
1303 3983 1381 4027 mox

238 4274 257 4335 ¹)
271 4277 341 4324 lllnd
359 4278 417 4325 αδτδ
434 4281 567 4338 praeterea
585 4277 682 4325 indicat
696 4278 850 4338 Sophoclem
865 4278 950 4338 iprum
968 4285 1011 4323 τῶν
1026 4276 1168 4339 ἀφροδισίων
1182 4287 1275 4320 nomen
1290 4275 1381 4321 efferre

203 4357 338 4416 refugisse.
364 4358 525 4416 Quemquam
550 4358 630 4416 igitur
655 4359 712 4404 αὐτὸ
736 4358 865 4417 explicare
889 4370 1034 4417 possumus,
1057 4356 1112 4402 fleri
1137 4358 1223 4401 tamen
1246 4355 1331 4414 potuit
1353 4357 1382 4401 ut

203 4440 340 4497 postquem
366 4438 452 4483 textus
477 4437 647 4496 interpolatus
673 4438 714 4494 sit,
740 4439 811 4484 αὐτΛ
836 4451 851 4484 e
877 4436 988 4495 quodam
1015 4437 1158 4482 correctore
1184 4434 1211 4479 in
1237 4436 1302 4480 αὐτο
1326 4447 1380 4480 mn-

203 4519 286 4563 tatnm
305 4516 345 4561 sit.

238 4589 259 4658 ²)
276 4594 428 4642 Rectimime
446 4593 573 4642 Wohlrab.
593 4595 666 4641 colon
683 4596 778 4654 poenit,
796 4600 885 4643 contra
902 4595 995 4654 reliqui
1013 4593 1125 4641 editores
1142 4594 1209 4640 male
1227 4606 1333 4640 comma.

237 4668 259 4737 ³)
277 4672 315 4720 Of.
334 4673 415 4721 843D
434 4674 446 4718 ὀ
463 4680 566 4728 τοιοῦτος
583 4682 615 4737 τῷ
632 4677 734 4737 τοιούτῳ.
