3417 5175
770 400 811 460 13

198 590 350 664 ruerunt,
385 587 525 649 rescribe
559 589 658 662 igitur
692 585 798 648 ἐλάττω
829 579 869 647 αὖ
901 593 972 659 (666
995 590 1075 659 vice)
1107 588 1217 665 ταύτην
1249 590 1283 650 61
1305 588 1376 651 dele

197 705 367 775 praeterea
390 702 531 762 alterum
554 698 683 779 ἐποίησε.
708 701 840 763 Codices
859 717 924 763 666
943 702 1074 762 τουτοισί
1092 702 1150 772 (616
1170 703 1241 763 Ast.
1262 703 1374 764 Herm.

200 813 355 891 camphi,
391 817 449 877 sed
482 815 630 876 τούτοισιν
652 810 673 886 11
703 817 858 891 praebent
890 816 947 886 (sic
980 817 1074 877 Schn.
1106 817 1190 876 Bait.
1223 815 1374 891 Wohlr.);

197 928 326 1002 primus
359 928 485 989 Beklrer
519 930 666 990 dativum
701 930 848 991 Ionicum
884 930 1024 990 missum
1059 930 1182 991 faciens
1217 930 1308 990 illam
1343 931 1376 989 16

197 1042 362 1102 codicibus
385 1058 514 1118 semper
533 1043 706 1117 fugitivam
727 1044 760 1104 et
778 1040 1086 1123 παρακαλυπτομένην
1107 1044 1250 1105 litteram
1272 1058 1292 1119 ῑ,
1313 1060 1376 1118 qua

196 1156 390 1229 pronomina
412 1157 588 1218 demonstr.
614 1157 735 1218 maiore
764 1173 839 1217 cum
863 1158 895 1217 vi
920 1158 1107 1233 efferuntur,
1132 1160 1307 1243 revocavit.
1335 1194 1374 1203 -

196 1268 260 1328 Pro
294 1260 331 1327 οὗ
365 1290 410 1328 τοι
444 1270 589 1330 nonnulli
624 1270 713 1331 codd.
749 1270 806 1340 (sic
838 1270 946 1343 Steph.
980 1272 1051 1340 Ast)
1083 1271 1189 1331 τούτου
1223 1273 1377 1333 exhibent

197 1384 376 1456 Astiusque
410 1392 464 1443 τοῦ
499 1381 537 1460 δὴ
568 1380 654 1444 ἕνεκα
685 1386 837 1459 coniecit;
870 1387 904 1445 61
936 1376 972 1443 οὗ
1003 1406 1047 1443 τοι
1070 1384 1147 1445 ferri
1169 1401 1232 1445 666
1257 1388 1374 1462 potest,

196 1498 261 1557 nisi
292 1499 444 1559 scribitur
473 1489 512 1575 ἦν
535 1496 578 1557 ὅτι
601 1502 667 1570 11111
698 1500 778 1558 mihi
809 1502 867 1560 aut
890 1515 966 1560 uum
991 1500 1067 1559 V.L
1090 1500 1197 1560 τούτου
1222 1521 1266 1560 τοι
1290 1497 1376 1560 ἕνεκα

197 1612 404 1672 scribendum
428 1627 501 1673 6666
526 1612 661 1687 videtur,
687 1614 827 1673 6166116
851 1614 996 1674 Phaedro
1021 1615 1084 1673 272
1110 1614 1135 1673 B
1159 1613 1299 1687 legimus
1320 1620 1377 1675 661

197 1732 252 1784 τοῦ
275 1726 408 1796 (interr.)
431 1747 476 1785 τοι
486 1772 556 1784 .....
566 1723 683 1805 ἠρόμην
705 1727 776 1787 coll.
802 1727 895 1800 Gorg.
921 1729 984 1787 457
1011 1727 1036 1786 Ε
1058 1734 1111 1786 τοῦ
1135 1726 1172 1803 δὴ
1197 1724 1283 1787 ἕνεκα
1303 1726 1376 1808 λέγω

197 1845 306 1910 ταῦτα;
330 1836 373 1898 ὅτι
397 1846 455 1897 νῦν
477 1836 542 1917 ἐμοὶ
566 1839 662 1910 δοκεῖς
684 1844 742 1899 κτλ.
766 1841 836 1901 Vid.
863 1842 963 1901 etiam
988 1841 1081 1915 Gorg.
1107 1842 1171 1901 453
1198 1841 1220 1902 d
1243 1849 1296 1901 τοῦ
1321 1832 1377 1901 οὖν

144 1952 172 2021 0
199 1946 284 2010 ἕνεκα
307 1955 366 2010 κτλ.
390 1943 410 2035 ΙΙ
434 1953 591 2013 Richards
622 1952 733 2022 (GlaSS.
766 1953 845 2013 Rev·
874 1954 969 2023 1893)
993 1953 1204 2032 ξυγγίγνεσθαι
1227 1969 1284 2028 pro
1309 1955 1375 2033 ξυγ-

198 2063 340 2144 γενέσθαι
370 2066 515 2142 requirit,
547 2067 617 2126 sine
649 2066 716 2126 ulla
747 2081 846 2127 66666
853 2085 862 2137 ;
891 2067 1017 2127 utinam
1041 2068 1184 2140 aliquem
1208 2068 1247 2128 de
1271 2083 1374 2141 gram-

200 2180 322 2241 matica
350 2180 469 2240 librum
499 2180 713 2254 inspexisset!
741 2213 780 2223 -·
805 2180 992 2240 Promissus
1025 2180 1115 2240 Plato
1138 2180 1252 2240 formis
1278 2179 1382 2242 αὑτῶν.

200 2297 283 2366 (etc.)
304 2296 337 2356 et
356 2291 470 2353 ἑαυτῶν
490 2294 601 2353 utitur.
623 2294 729 2355 Facile
749 2296 860 2355 661616
881 2293 1026 2354 accidere
1044 2295 1150 2368 potuit
1169 2296 1206 2354 ut
1221 2310 1375 2369 persaepe

199 2408 321 2469 librarii
343 2405 426 2467 ἕαστ-
450 2424 507 2483 pro
530 2406 593 2466 αὑτ.
617 2408 857 2481 substituerint,
887 2423 962 2467 cum
986 2404 1049 2466 cic.
1073 2408 1231 2482 paulatim
1256 2409 1289 2468 in
1313 2424 1376 2468 usu

199 2538 273 2582 6666
303 2522 444 2582 desierit,
476 2522 596 2582 Utrum
626 2522 764 2596 singulis
794 2522 875 2582 locis
905 2522 997 2583 Plato
1029 2522 1196 2597 scripserit
1223 2537 1287 2582 666
1310 2538 1374 2583 am·

139 2638 174 2703 l)
199 2637 284 2711 plius
307 2635 438 2696 definire
462 2651 647 2710 possumus,
673 2627 692 2719 ΙΙ
717 2637 853 2697 Fallitur
878 2637 1041 2697 Herwerd.
1067 2637 1140 2706 (Mn.
1164 2638 1259 2707 1883)
1281 2653 1374 2698 6666-

197 2753 274 2810 tans
304 2751 343 2810 ad
376 2750 474 2810 verba
504 2747 624 2809 ἐπειδάν
655 2772 698 2821 τις
728 2754 787 2809 κτλ.
821 2767 904 2825 ,666
937 2767 1016 2813 6666
1040 2753 1160 2826 optime
1186 2752 1318 2826 vulgata
1340 2767 1376 2813 66

197 2863 295 2923 habet
328 2878 385 2937 pro
419 2878 456 2923 eo
488 2863 571 2936 quod
602 2863 773 2924 dicendum
805 2863 928 2924 iuerat:
961 2861 1081 2923 ἐπειδάν
1114 2887 1155 2934 τις
1187 2861 1273 2945 ἐγγὺς
1300 2857 1376 2923 εἶναι

198 2974 296 3050 οἴηται
325 2983 377 3034 τοῦ
405 2978 606 3053 τελευτῆσαι”,
637 2992 717 3037 nam
748 2976 846 3036 verba
878 2974 911 3034 τὸ
934 2975 1052 3035 οἴεσθαι
1074 2975 1255 3052 τελευτήσειν
1279 2991 1374 3048 quan·

198 3089 275 3148 dam
298 3088 465 3149 definitam
489 3089 575 3149 vitae
598 3092 725 3164 partem
749 3091 975 3159 (senectutem)
995 3088 1179 3162 significant
1193 3123 1231 3132 -
1247 3104 1373 3164 senum,

198 3217 263 3262 666
282 3203 437 3264 iuvenum
460 3201 493 3262 τὸ
517 3202 630 3262 61111.
654 3203 818 3276 proprium
843 3203 896 3263 661
920 3236 960 3246 -
983 3204 1092 3276 itaque
1112 3203 1227 3262 66616
1248 3203 1373 3264 univer·

197 3332 273 3376 sum
302 3317 340 3377 de
370 3319 555 3378 hominibus
578 3317 639 3377 sibi
662 3320 802 3378 mortem
825 3318 948 3378 instare
974 3319 1157 3378 videntibus
1181 3333 1289 3378 sermo
1313 3321 1373 3394 661,

142 3424 173 3490 Ε
197 3431 255 3490 sed
278 3431 317 3491 de
340 3431 472 3490 senibus
495 3431 549 3505 qui
573 3433 729 3504 tanquam
753 3432 786 3491 in
813 3430 886 3492 Orci
906 3431 1018 3492 limine
1038 3431 1194 3492 habitent.
1209 3423 1376 3515 1111166116

198 3543 355 3604 Richards
386 3544 602 3615 (1116661161.
630 3547 725 3614 1893)
748 3545 854 3606 solam
880 3542 1040 3604 ἀσθένειαν
1063 3561 1176 3607 666616
1201 3546 1375 3623 611μά1166

197 3655 233 3715 τά
273 3654 337 3717 ἐκεῖ
372 3663 509 3737 καθορᾶν
550 3659 702 3718 16666661
744 3659 876 3718 reddere
918 3674 982 3718 non
1023 3674 1118 3732 posse
1151 3659 1375 3720 demonstrare

197 3773 334 3832 6666166
365 3773 523 3833 conclusit
554 3771 633 3847 „We
656 3773 747 3832 must
769 3788 908 3847 suppose
933 3788 953 3834 6
976 3774 1064 3834 word
1087 3789 1123 3834 61
1146 3776 1211 3833 two
1235 3774 1268 3834 to
1292 3775 1374 3834 have

198 3885 278 3945 been
299 3885 372 3961 1661,
392 3886 546 3961 probably
570 3886 653 3945 61161
675 3883 844 3961 ἀσθενείας,
869 3887 902 3946 16
926 3887 1032 3947 which
1055 3887 1110 3948 the
1134 3887 1201 3948 real
1225 3887 1319 3947 effect
1343 3887 1378 3948 of

197 4000 310 4074 iailing
333 4016 457 4075 powers
481 4016 550 4060 was
574 4000 787 4074 expressed”;
821 3999 981 4074 Cephalus
1005 4001 1092 4061 66116
1118 4001 1224 4086 verbis
1246 4008 1298 4076 τῆς
1321 4007 1374 4059 τοῦ

196 4112 295 4192 γήρως
329 4110 487 4184 ἀσθενείας
522 4113 643 4174 1666116
664 4106 697 4188 ²),
732 4129 797 4174 666
832 4113 974 4186 corporis
1009 4113 1092 4187 (quis
1122 4113 1249 4187 ignorat
1279 4128 1374 4173 senes

197 4225 331 4303 σώμασιν
362 4223 501 4298 ἀσθενεῖς
532 4229 640 4296 666611
673 4219 873 4288 debilitatem
902 4227 1075 4300 designans
1100 4227 1273 4286 manifesto
1297 4226 1374 4286 dicit

197 4332 332 4400 senibus’
360 4355 590 4414 nonnunquam
622 4341 780 4400 eiusmodi
812 4340 1000 4400 formidines
1026 4354 1175 4419 ,vanaque
1197 4339 1374 4399 simulacra

233 4607 253 4671 ¹)
270 4611 311 4658 810
329 4611 356 4656 in
373 4611 450 4669 Gorg.
469 4612 516 4658 503
534 4612 557 4658 D
575 4613 658 4658 61111661
676 4611 765 4673 ἀτρέμα
782 4611 880 4658 fuctum
899 4612 938 4657 esi
956 4611 1052 4656 οὑτωσὶν
1070 4610 1164 4673 ἀτρέμα.

232 4685 253 4752 ²)
271 4693 405 4743 Ὰσθινάας
421 4690 519 4748 aliquot
537 4703 632 4749 genera
649 4691 675 4736 in
693 4692 741 4736 366
760 4691 782 4737 D
801 4692 989 4737 enumerantur.
