3417 5175
760 396 802 455 53

191 582 225 641 ot
256 580 358 640 altero
387 584 415 638 A
438 582 560 641 omisso
583 580 704 641 sciolus
726 584 947 644 necessarium
971 599 1147 658 pronomen
1171 583 1274 643 alieno
1298 582 1367 642 loco

133 684 165 748 B
191 694 361 755 inseruit.”
387 686 406 777 ΙΙ
431 694 563 755 Hesiodi
586 709 702 754 versus
725 698 803 756 sunt

209 796 213 801 ⁸
369 813 444 868 τοῖσι
468 805 552 886 φέρει
574 804 628 885 μὲν
651 812 722 887 γαῖα
744 805 840 868 πολίιν
864 809 942 888 βίον,
965 806 1065 889 οὔρεσι
1089 805 1122 869 δέ
1145 810 1217 889 δρῦς

370 918 446 1001 ἄκρη
471 918 525 999 μέν
547 943 577 981 τε
601 918 684 1000 φέρει
706 921 868 1000 βαλάνους,
890 919 982 1001 μέσση
1006 918 1039 982 δέ
1061 922 1208 1000 μελίσσας,

370 1033 521 1114 εἰροπόκοι
544 1029 636 1106 δ’έίϊες
659 1038 780 1112 μαλλοῖς
804 1035 1048 1115 καταβεβρίθασι,

368 1148 516 1208 τίκτουσιν
540 1144 572 1208 δὲ
593 1152 732 1228 γυναῖκες
755 1145 871 1208 ἐοικότα
893 1145 980 1208 τέκνα
1002 1156 1125 1209 τοκεῦσι.

237 1264 335 1325 Illum
358 1263 517 1338 pluralem
540 1259 632 1342 ἄκρας
657 1266 690 1324 et
713 1260 822 1340 μέσσας
845 1265 938 1325 Plato
961 1266 1001 1325 ad
1024 1261 1076 1335 τὰς
1099 1264 1171 1343 δρῦς
1191 1278 1370 1324 accommo-

191 1378 293 1453 davit,
325 1377 411 1438 sicut
441 1377 473 1436 in
506 1377 569 1438 362
594 1377 622 1437 A
645 1377 705 1437 ult.
729 1376 938 1456 καρπούμενον
962 1378 1138 1452 scripserat
1159 1391 1216 1451 pro
1239 1374 1370 1454 καρπού-

191 1513 289 1567 μενος.
313 1490 397 1551 Illud
420 1490 453 1550 in
477 1489 618 1551 secundo
644 1505 738 1549 versu
758 1490 987 1565 interpositum
1008 1487 1083 1567 φησὶ
1102 1493 1139 1560 (s.
1160 1486 1274 1567 φησίν),
1287 1490 1370 1562 quod

192 1604 318 1677 aliquot
347 1604 436 1664 codd.
468 1603 635 1679 omittunt,
667 1604 782 1664 abesse
812 1603 910 1664 malo.
941 1604 996 1680 lis,
1025 1604 1080 1677 qui
1103 1600 1196 1680 φησὶν
1220 1602 1370 1677 retinent,

194 1732 350 1778 versuum
380 1717 519 1778 formam
551 1732 683 1778 servare
713 1732 777 1777 non
801 1717 888 1793 licet,
912 1718 1124 1792 quamobrem
1148 1719 1235 1779 recte
1259 1716 1323 1777 388
1349 1715 1372 1777 0

194 1832 307 1892 Herm.
339 1830 436 1891 verba
459 1826 482 1888 ὢ
506 1828 598 1889 πόντοι
621 1828 716 1905 φάναι
740 1846 760 1890 a
784 1831 932 1892 versibus
956 1831 1105 1892 secrevit.
1129 1832 1167 1891 In
1190 1830 1372 1892 Alcibid.11
1457 1912 1460 1917 ¹

195 1962 225 2020 p.
261 1945 322 2004 143
354 1944 384 2003 A
407 1958 533 2017 quoque
557 1941 631 2020 φησί
654 1944 701 2003 sio
724 1944 953 2018 interpositum
977 1947 1038 2021 est,
1058 1945 1138 2005 item
1161 1945 1229 2004 Ion.
1256 1944 1319 2004 537
1343 1943 1372 2001 A

147 2058 263 2125 0538
298 2059 336 2119 A.
369 2048 388 2140 ΙΙ
419 2057 490 2118 Par.
522 2045 563 2117 AI
594 2054 647 2128 ὑὸς
677 2058 809 2132 praebet
840 2057 926 2118 sicut
958 2058 1023 2118 fere
1054 2057 1183 2133 ubique,
1214 2058 1286 2117 Par.
1318 2046 1372 2115 AII

194 2175 263 2243 (aut
296 2166 347 2241 AI)
383 2170 525 2230 correxit
556 2162 627 2242 δ’δς.
659 2171 699 2231 llt
728 2173 763 2230 in
793 2171 916 2232 Veneto
948 2163 1373 2243 ld‘droccurrit.1naliis

194 2300 321 2359 quoque
355 2287 519 2347 vocabulis
549 2286 616 2346 iota
647 2286 902 2361 superscriptum
929 2287 964 2346 in
987 2287 1058 2346 Par.
1083 2286 1112 2346 A
1135 2284 1292 2345 cernitur:
1318 2276 1394 2341 δἐι

195 2398 272 2470 (sere
303 2403 452 2475 semper),
476 2376 622 2478 ῥαστώνῃ,
644 2392 742 2477 δι’διγν,
764 2397 837 2459 alia.
862 2398 932 2460 Non
956 2400 1067 2459 dubito
1091 2398 1167 2471 quin
1191 2398 1297 2457 forma
1320 2394 1373 2467 ὑὸς

195 2512 323 2572 Platoni
346 2513 435 2572 reddi
457 2513 581 2573 debeat.
606 2514 678 2572 lota
697 2512 906 2588 superscripti
926 2513 1059 2572 Bestius
1079 2512 1265 2587 exemplum
1287 2509 1374 2571 dedit

195 2627 230 2686 in
255 2641 332 2686 voce
356 2624 504 2684 αἴδεσσαι.
527 2661 565 2668 -
595 2627 669 2688 Mox
688 2626 861 2700 legendum
886 2642 1002 2688 censeo
1022 2623 1182 2706 ἀγαγόντες
1204 2629 1253 2708 [τῷ
1274 2623 1374 2708 λόγμ],

198 2740 275 2813 quia
294 2755 350 2814 per
369 2741 477 2800 totum
488 2741 573 2800 hunc
585 2740 692 2800 locum
706 2755 759 2800 res
770 2739 866 2800 fictae
878 2742 1052 2802 narrantur
1063 2741 1096 2800 et
1108 2739 1222 2799 statim
1236 2752 1375 2811 sequens

198 2861 318 2913 ποιοῦσι
341 2853 419 2914 facit
437 2856 474 2913 ut
494 2854 549 2913 illo
569 2854 790 2914 additamento
811 2868 920 2914 carere
939 2854 1113 2928 possimus.
1131 2854 1168 2913 In
1180 2853 1198 2922 ἓ
1210 2852 1236 2911 D
1249 2866 1374 2925 quoque

144 2965 175 3031 I)
200 2968 318 3042 legitur
340 2967 550 3045 κατορύττουσι
574 2968 707 3028 omissis
731 2968 838 3028 verbis
861 2977 900 3049 τῷ
924 2966 1008 3050 λόγῳ.
1033 2958 1053 3050 ΙΙ
1075 2967 1173 3028 Oobet
1193 2965 1266 3036 (Mn.
1290 2963 1375 3024 1878

199 3101 229 3160 p.
254 3084 330 3153 351)
354 3082 495 3142 correxit
518 3080 631 3159 διάγειν
656 3081 848 3157 [μεθύοντας]
875 3085 933 3158 κτλ,
956 3082 1040 3154 quod
1064 3079 1275 3155 probandum,
1301 3077 1377 3151 quia

200 3212 242 3257 ex
265 3196 336 3270 ipsa
358 3195 405 3255 rei
428 3198 546 3256 natura
569 3197 620 3255 est
644 3197 680 3254 ut
702 3196 735 3270 ii,
757 3195 874 3268 quibus
895 3195 1056 3254 coronatis
1077 3193 1261 3254 convivium
1283 3207 1375 3266 appa·

199 3311 308 3369 ratum
340 3309 395 3383 sit,
423 3307 544 3368 bibant.
568 3307 690 3368 Vocem
713 3303 812 3385 μέθην
835 3322 899 3367 non
923 3307 956 3366 in
980 3307 1103 3367 malam
1126 3307 1253 3380 partem
1276 3304 1378 3378 accipi

199 3423 335 3496 oportet.
372 3455 413 3463 -
450 3420 667 3495 Oampbellius
698 3422 791 3494 putat
823 3419 992 3480 Platonem
1024 3419 1056 3478 in
1088 3416 1290 3496 συμπόσιον
1322 3425 1379 3476 τῶν

201 3532 293 3594 δσιόν
324 3534 432 3595 lusum
460 3534 631 3594 verborum
655 3533 849 3610 obvenisse,
872 3533 958 3593 sicut
981 3533 1013 3592 in
1037 3533 1102 3593 495
1126 3532 1150 3591 H
1173 3527 1378 3608 λελυμένου--

200 3645 391 3725 λελουμένου,
426 3650 490 3709 540
526 3647 549 3708 0
584 3645 807 3724 dulcore-dg
843 3645 1008 3723 εὐδαίμοσι,
1042 3647 1106 3707 614
1142 3646 1168 3705 Β
1204 3643 1381 3704 Ἀλκίνου-

202 3759 338 3839 ἀλκίμου,
373 3763 435 3822 621
474 3761 497 3822 0
531 3759 808 3838 ἐσώθη-σώσειεν,
843 3761 954 3835 Symp.
989 3759 1051 3819 185
1084 3759 1107 3820 0
1141 3757 1318 3818 Παυσανίου
1351 3754 1382 3817 δὲ

202 3871 396 3950 παυσαμένου
418 3872 605 3951 (διδάσκουσι
623 3873 679 3952 γάρ
699 3895 733 3950 με
752 3870 846 3953 λέγειν
867 3870 975 3933 οὑτωσί
995 3873 1026 3932 οί
1044 3871 1154 3950 σόφοι),
1167 3873 1289 3934 Philet.
1306 3871 1382 3932 160

203 3987 334 4065 δηλῶσαι
358 3983 412 4065 μὲν
436 3986 473 4047 οὐ
497 3987 578 4046 πάνυ
598 3986 735 4066 χαλεπόν,
753 3992 884 4066 χρῆσθαι
905 3983 937 4046 δέ
957 3986 1157 4066 παγχάλεπον,
1177 3987 1254 4061 Rep.
1276 3986 1342 4046 580
1359 3984 1382 4045 0

204 4097 220 4161 ὁ
244 4100 413 4180 Ἀρίστωνος
439 4100 492 4173 ὑὸς
516 4099 568 4162 τὸν
591 4097 711 4180 ἄριστον
735 4100 838 4180 έκρινε.

47 4218 123 4278 364
150 4213 180 4280 A
248 4216 287 4274 In
316 4215 439 4276 Veneto
472 4216 482 4275 t
513 4216 611 4275 verba
641 4235 671 4273 τε
698 4211 748 4274 καλ
772 4215 948 4292 δικαιοσύνη
972 4216 1005 4274 in
1030 4229 1095 4288 mg.
1120 4213 1282 4286 adscripta
1306 4212 1384 4271 sunt

206 4344 306 4390 manu
337 4329 573 4405 recentissima,
604 4330 637 4389 in
669 4330 740 4390 Par.
772 4330 800 4388 A
831 4331 865 4389 et
888 4329 1011 4389 Veneto
1036 4324 1205 4392 &omissa
1229 4328 1315 4386 sunt.
1342 4358 1382 4367 —

204 4443 275 4502 Vam
298 4443 323 4502 L
342 4439 491 4519 ἀτιμάζειν
513 4445 564 4514 [τε]
585 4440 635 4501 καλ
655 4446 742 4503 recte
763 4443 875 4503 Herm.
897 4443 980 4502 Bait.
1002 4441 1104 4501 Stallb
1116 4440 1236 4511 (1858).
1251 4439 1382 4513 campo.

152 4558 407 4633 Breceperunt,
442 4557 518 4630 quia
552 4573 779 4632 praegressum
814 4560 866 4617 est
900 4555 1116 4632 εὐδαιμονίζειν
1151 4551 1201 4612 ναὶ
1233 4529 1328 4631 τιμον.
1354 4545 1373 4637 ΙΙ

207 4670 358 4745 speciosa
388 4669 568 4731 Richardsii
600 4670 712 4741 (class.
744 4671 823 4731 Rev.
858 4670 952 4740 1893)
984 4667 1164 4729 dubitantis
1195 4670 1227 4729 ca
1257 4664 1297 4740 ὡς
1327 4663 1388 4754 ἄρα
