3417 5175
901 363 963 421 104

194 549 259 607 420
286 542 318 610 A
384 547 524 610 (lobetus
553 546 644 626 (nota
672 545 749 626 ms.)
781 549 869 609 recte
900 548 1040 608 correxit
1070 544 1194 608 ἐπίσιτοι
1225 565 1281 625 pro
1309 547 1455 629 ἐπισίτιοι,
1478 552 1518 613 ci.

338 660 509 739 conductor,
550 657 659 737 όίσιτος,
696 657 819 735 εόσττος,
851 658 1017 736 κακόσιτος,
1051 658 1210 735 φιλόσττος.
1246 663 1432 725 Verisimile
1468 666 1518 725 est

339 771 466 845 ἐπίσιτος
505 775 671 848 antiquius
705 789 774 834 voc.
810 788 883 833 esse
918 788 1017 845 quam
1054 769 1203 845 ἐπισίτιος.
1239 775 1355 837 Suidas
1391 774 1518 850 ἐπίσιτος

340 888 481 961 explicat
518 884 534 946 ό
573 895 687 967 τροφῆς
725 887 810 965 χάριν
841 884 1033 966 ἐργαζόμενος
1047 902 1168 962 ‚neque
1200 889 1294 950 aliter
1325 892 1517 953 scholiastes

340 1001 536 1063 Platonicus.
553 1002 647 1076 Apud
664 1001 830 1063 Pollucem
848 1003 877 1061 6.
894 1002 956 1060 123
976 1000 1115 1062 occurrit
1127 1002 1212 1062 inter
1224 1017 1355 1063 scurrae
1368 1000 1517 1081 (κόλακος)

340 1114 484 1190 epitheta
503 1115 604 1176 etiam
623 1113 705 1174 κύων
725 1111 852 1185 ἐπίσιτος
875 1106 960 1196 (sire
977 1110 1137 1191 ἐπισίτιος).
1149 1115 1175 1173 Ε
1188 1112 1317 1176 Oratete
1329 1117 1519 1178 Athenaeus

341 1224 385 1305 (6.
417 1243 447 1302 p.
480 1225 594 1306 24711)
622 1228 703 1288 citat
725 1228 860 1288 haecce:
883 1225 1035 1304 ποιμαίνει
1058 1220 1089 1286 δ’
1115 1224 1254 1287 ἐπίσιιον.
1278 1229 1464 1304 Hesychius
1485 1231 1518 1291 in

341 1357 420 1403 voce
451 1339 589 1413 ἐπισίτιος
617 1342 758 1403 exhibet.
785 1375 825 1384 —
850 1341 921 1402 Non
945 1341 1032 1401 male
1056 1341 1293 1403 Herwerdenus
1318 1339 1394 1419 (Mn.
1422 1340 1517 1420 1883)

342 1470 455 1517 vocem
487 1452 680 1515 ἀναλίσκουσι
710 1454 880 1514 delendam
912 1455 1048 1515 censuit.
1082 1454 1157 1515 Mox
1188 1458 1275 1516 recte
1306 1455 1373 1517 iere
1405 1470 1518 1516 omnes

295 1560 319 1628 (i
343 1570 433 1630 editt.
465 1569 737 1643 interpunxerunt
766 1567 795 1626 τί
824 1558 881 1627 οὖν
908 1566 946 1645 δὴ
970 1565 1232 1648 ἀπολογησόμεθα,
1254 1567 1331 1652 φῄς;
1354 1560 1374 1653 ΙΙ
1399 1570 1518 1630 Parum

341 1682 441 1743 refert
472 1682 584 1741 utrum
615 1682 690 1741 ante
721 1676 839 1759 ὀλίγους
871 1684 909 1751 (c.
941 1681 1053 1742 Herm.
1080 1679 1225 1759 (lampb.)
1250 1683 1517 1757 interpungamus

341 1810 448 1854 annon
480 1791 540 1871 (sic
571 1792 690 1854 melius
722 1793 868 1855 Schneid.
901 1793 984 1855 Bait.
1016 1794 1181 1855 Herwerd.
1214 1795 1276 1855 lin.
1312 1793 1422 1871 1891),
1446 1796 1518 1869 quia

340 1907 472 1968 omnino
495 1922 629 1967 necesse
652 1908 704 1967 est
727 1902 854 1985 ὀλίγους,
877 1907 929 1966 cui
953 1904 1026 1984 ὅλην
1046 1908 1230 1981 oppositum
1249 1909 1304 1983 sit,
1328 1909 1368 1969 ad
1388 1905 1517 1988 τιθέντες
1577 1898 1579 1901 ’
1667 1960 1668 1971 ,

341 2021 462 2082 referri.
483 2020 627 2081 Verbum
647 2017 846 2098 ἀπολαβόντες
872 2020 1018 2080 absolute
1039 2021 1219 2081 adhibitum
1241 2024 1291 2081 est
1311 2023 1349 2082 ut
1367 2022 1402 2081 111
1426 2022 1517 2095 eorg.

342 2134 443 2194 4958
468 2132 526 2194 ult.
549 2167 589 2176 —
603 2133 724 2193 Vocem
744 2130 875 2211 ἀνδριὰς,
889 2134 921 2193 h.
933 2132 954 2194 l.
975 2133 1042 2193 iarn
1062 2135 1189 2195 veteres
1211 2130 1310 2211 (recte
1318 2135 1345 2205 1)
1365 2136 1405 2195 de
1418 2134 1518 2209 figura

342 2248 438 2323 picta,
463 2263 527 2307 non
551 2249 589 2308 de
614 2248 707 2320 signo
730 2247 963 2308 intellexerunt
987 2244 1039 2324 (of.
1061 2247 1230 2309 Antiattio.
1251 2248 1332 2309 Bkk.
1350 2264 1381 2324 p.
1402 2249 1456 2310 82.
1480 2250 1516 2308 11

344 2356 478 2438 ἀνδριάς·
498 2356 549 2418 καὶ
569 2356 616 2419 ἐπὶ
634 2369 744 2443 γραφῇ.
767 2360 894 2420 Πλάτων
915 2358 1071 2442 Πολιτείας
1091 2361 1168 2422 Lex.
1189 2362 1270 2422 rhet.
1290 2360 1371 2421 Bkk.
1392 2377 1424 2436 p.
1446 2362 1517 2421 211.

347 2474 387 2532 14
411 2468 582 2550 ἀνδριάντα·
605 2470 657 2531 τὸν
679 2476 809 2550 χαλκοῦν
832 2468 852 2549 ἡ
876 2471 927 2531 τὸν
949 2472 1068 2531 λίθινον
1088 2469 1108 2550 ἡ
1127 2470 1177 2532 καλ
1196 2471 1250 2550 τὴν
1273 2470 1418 2554 γραφήν),
1441 2474 1518 2534 item

345 2584 496 2646 Sohaeier
527 2582 645 2663 (Melet.
678 2602 708 2661 p.
740 2583 825 2664 102).
850 2587 997 2660 Plerique
1021 2589 1133 2648 autern
1157 2589 1196 2648 de
1220 2589 1339 2649 statuis
1362 2589 1519 2649 coloribus

345 2700 540 2760 exornandis
563 2700 770 2774 cogitandum
795 2715 869 2761 esse
893 2703 1099 2779 censuerunt,
1124 2703 1241 2763 videi.
1266 2718 1295 2763 a.
1316 2719 1341 2762 J.
1366 2719 1400 2762 n.
1426 2718 1518 2762 scau·

296 2818 323 2881 E
346 2830 433 2874 enan
452 2815 485 2873 in
504 2814 611 2874 Fleck.
635 2814 705 2875 Jbb.
733 2815 817 2876 1874
844 2814 1088 2890 „Polychromie
1111 2817 1168 2877 der
1190 2816 1322 2877 antiken
1342 2817 1475 2876 hunst.’'
1498 2811 1516 2897 1)

345 2920 416 2988 Par¹
448 2929 477 2988 A
508 2928 681 2988 lectionem
711 2925 841 3000 ἐπιδέξια
868 2929 1045 3003 probarunt
1074 2930 1137 2990 Ast
1165 2929 1245 2990 Bkk.
1270 2929 1382 2990 Herm.
1409 2929 1519 2990 Stallb.

346 3038 458 3119 (1858)
500 3042 584 3102 Bait.
628 3042 759 3118 (iampb.
801 3045 977 3117 praeeunte
1014 3042 1211 3104 Gasaubono.
1246 3043 1446 3104 Adverbium
1482 3042 1520 3102 ad

346 3154 571 3227 κατακλίναντες
594 3156 743 3231 pertinet.
1099 3160 1102 3166 ’

199 3279 262 3337 421
292 3273 320 3338 Α
390 3271 495 3331 Verba
515 3265 613 3347 εἰμὲν
633 3268 706 3345 (hoc
726 3265 779 3346 μὲν
799 3270 833 3330 in
854 3270 947 3330 Vind.
968 3271 996 3327 Φ
1007 3270 1136 3343 punctis
1147 3271 1309 3346 notatum,
1322 3271 1356 3330 in
1368 3269 1522 3342 Monacq

345 3381 518 3461 omissum)
544 3374 599 3443 odo
622 3378 706 3460 ἡμεῖς
729 3380 783 3459 μὲν
803 3384 954 3458 corrupta
973 3397 1046 3442 csse
1066 3382 1133 3442 iam
1153 3383 1250 3442 multi
1269 3383 1374 3444 lucide
1395 3383 1521 3443 demon·

346 3500 503 3573 strarunt,
534 3513 610 3558 cum
641 3497 668 3556 εἰ
696 3497 773 3558 ferri
803 3499 944 3572 nequeat
974 3512 1034 3557 nec
1057 3498 1155 3557 verba
1178 3494 1203 3555 εί
1226 3491 1280 3573 μὲν
1304 3486 1360 3556 σόν
1384 3495 1522 3571 elliptice

347 3612 409 3672 dici
431 3611 595 3685 potuerint
613 3625 670 3685 pro
693 3609 720 3669 εί
741 3606 795 3687 μὲν
820 3600 876 3670 οὖν
896 3605 986 3669 ταῦθ’
1014 3609 1107 3681 οίίιιος
1128 3607 1378 3688 spernentem
1400 3607 1439 3680 [εέ
1457 3603 1520 3685 μὲν]

346 3718 431 3800 ἡμεῖς
462 3718 516 3800 μέν
544 3713 600 3782 οόν
622 3727 673 3782 κτλ
697 3719 779 3799 (fieri
802 3723 896 3784 enim.
914 3723 1019 3796 potuit
1041 3724 1079 3782 ut
1101 3722 1200 3783 rerba
1223 3717 1307 3798 ἡμεῖς
1339 3717 1393 3799 μὲν
1424 3711 1481 3781 οὖν
1504 3737 1523 3782 a

347 3836 476 3898 librario
496 3837 545 3897 bis
565 3838 686 3912 scripta
705 3837 823 3911 aliquis
843 3838 1019 3897 correxerit
1040 3837 1074 3896 in
1094 3852 1170 3897 eum
1190 3836 1335 3911 modurn,
1358 3850 1421 3908 quo
1439 3851 1524 3896 nunc

347 3951 444 4024 vulgo
476 3948 593 4029 editur)
629 3966 692 4011 non
731 3951 959 4027 improbarem,
995 3950 1060 4010 nisi
1094 3965 1209 4010 verum
1244 3949 1326 4009 mihi
1361 3949 1524 4010 videretur

345 4066 504 4140 reperisse
539 4065 705 4126 Herwerd.
736 4058 813 4144 (Mn.
848 4061 946 4141 1883)
978 4062 1072 4124 valde
1107 4063 1273 4136 ingeniose
1311 4062 1475 4122 coniciens
1505 4055 1524 4144 ἡ

347 4183 413 4254 (pro
444 4175 482 4256 εἰ)
513 4175 567 4256 μὲν
601 4168 658 4238 οὖν
688 4173 772 4255 ἡμεῖς
805 4174 1013 4257 <λόγο>μεν,
1043 4177 1180 4252 φύλακας
1214 4179 1274 4253 κτλ,
1308 4192 1372 4250 qua
1407 4178 1441 4236 οὃ
1477 4191 1523 4235 se·

346 4293 479 4367 quentia
496 4289 512 4352 ὁ
532 4288 561 4353 δ’
584 4290 678 4352 ἐκεῖνο
698 4288 791 4370 λέγοον
811 4292 940 4368 habent,
962 4291 1013 4352 cui
1033 4292 1257 4366 respondeant.
1277 4290 1344 4351 Nec
1356 4289 1526 4363 sequentia

346 4408 464 4468 mendo
506 4409 635 4482 carent;
678 4407 772 4466 Aetio
809 4403 861 4464 καῖ
896 4407 971 4466 ante
1006 4404 1103 4484 ὥσπερ
1139 4404 1337 4480 expungenti
1370 4403 1524 4480 assentio,

345 4521 498 4594 quoniam
530 4520 693 4581 sententia
723 4521 775 4580 est
806 4520 902 4579 haec:
937 4514 952 4578 ὁ
983 4512 1011 4576 δ’
1045 4515 1140 4578 ἐκεῖνο
1169 4515 1226 4595 (so.
1252 4515 1289 4577 od
1312 4515 1525 4596 προσὴκοασαν

346 4633 541 4711 εὐδαιμονίαν
563 4643 654 4692 πᾶσιν
677 4638 738 4705 τοῖς
759 4632 892 4703 πολίταις
912 4630 1091 4711 προσάπτειν
1112 4630 1187 4710 δεῖν)
1207 4628 1300 4710 λέγων
1320 4629 1356 4690 ori
1376 4627 1526 4712 γεωργοὺς
