3417 5175
922 380 985 441 106

310 553 469 633 opaucis
502 565 591 626 codd.
626 566 688 626 Ast
721 568 804 638 (coll.
836 569 897 628 341
930 566 966 637 Ε)
997 541 1182 626 rectissime
1213 558 1261 622 ἐπί
1283 560 1377 645 τοότμ
1399 561 1491 634 legit.
1521 558 1538 640 ll

360 674 437 733 Par⁰
465 676 494 736 A
524 673 631 749 πλίονς
662 680 826 740 exhibenti
857 679 943 739 male
975 680 1122 739 recentes
1146 676 1236 737 editt.
1262 675 1544 749 obtemperarunt,

361 787 423 848 vid.
455 790 494 849 ad
527 792 592 850 330
611 792 650 853 Α.
674 792 760 852 Nihil
783 793 926 867 ineptius
949 791 1084 864 cogitari
1107 791 1216 863 potest
1239 803 1339 863 quam
1361 788 1395 847 in
1419 787 1545 848 talibus

360 901 528 975 scripturis
547 904 674 965 Platoni
695 906 949 966 inconstantiam
968 905 1120 965 tribuere.
1140 936 1181 947 —
1198 902 1346 975 Plerique
1362 902 1451 961 codd.
1463 902 1544 960 cxh.

359 1015 538 1090 τριπλασίοις
561 1016 670 1096 αὐτῶν,
692 1020 777 1094 quod
800 1034 864 1080 non
884 1018 1066 1094 improbare
1088 1017 1216 1077 videtur
1237 1015 1348 1077 Hellen
1367 1014 1440 1076 (lur.
1462 1012 1544 1075 crit.

359 1142 389 1200 p.
422 1130 479 1203 233
513 1131 548 1191 at
577 1130 676 1191 αὐτῶν
699 1133 752 1192 hic
776 1133 998 1193 necessarium
1022 1146 1095 1192 esse
1115 1131 1202 1191 sicut
1224 1127 1314 1201 αὐτὸς
1337 1126 1430 1188 αὑτοῦ
1453 1130 1544 1202 apud

311 1243 339 1307 h
362 1244 600 1317 comparativos
622 1247 709 1307 recte
732 1246 798 1306 fere
822 1260 937 1306 omnes
957 1245 1047 1305 editt.
1069 1244 1262 1306 iudicarunt.
1277 1233 1414 1324 uverba
1433 1239 1544 1319 ίιιόστη

360 1350 416 1432 γὰρ
443 1354 543 1415 αὐτῶν
555 1402 662 1416 ......
674 1357 840 1429 παιζόντων
864 1359 955 1419 editt.
981 1357 1036 1418 alii
1060 1357 1155 1417 aliter
1177 1356 1438 1431 explicaverunt3
1463 1356 1544 1429 quid

360 1468 429 1541 ipse
449 1470 600 1541 sentiam,
620 1472 653 1531 id
671 1473 801 1533 tantum
823 1472 940 1532 dicam.
953 1471 978 1531 Ε
999 1470 1115 1531 Suldae
1129 1475 1167 1541 (s,
1180 1486 1211 1531 v.
1224 1466 1319 1540 πόλις)
1332 1472 1365 1530 et
1377 1469 1544 1531 Eustathii

361 1559 411 1641 (ad
447 1581 561 1655 Odyss.
597 1584 613 1643 Ι
647 1600 676 1659 p.
710 1586 762 1661 29,
797 1586 837 1645 13
868 1599 938 1657 sqq.
970 1585 1019 1645 ed.
1045 1584 1141 1658 Lipal
1169 1583 1276 1643 verbis
1300 1583 1414 1656 colligo
1438 1584 1543 1645 fuisse

361 1686 439 1765 εἶδός
472 1716 500 1753 τι
533 1695 654 1767 παιδιᾶς
688 1698 757 1757 sive
791 1696 913 1774 κυβείας
949 1694 1026 1774 (vid.
1060 1696 1164 1757 Schol.
1196 1695 1321 1756 Platon.
1354 1705 1543 1776 πεττευτικῆς

361 1807 492 1879 παιδιᾶς)
523 1810 721 1885 appellatum
751 1810 848 1888 πόλιν,
878 1812 912 1871 in
942 1827 1005 1885 quo
1032 1811 1107 1871 ludo
1130 1811 1280 1871 ludentes
1305 1810 1415 1872 tabula
1434 1811 1542 1873 divisa

360 1922 394 1980 in
412 1920 518 2000 χώρας,
538 1938 620 1996 quae
640 1923 739 1995 πόλεις
759 1925 982 1998 (quamobrem
1001 1924 1097 1985 ludus
1109 1925 1286 1984 vocabatur
1297 1921 1396 1995 πόλεις
1407 1924 1542 1998 παίζειν;

361 2036 477 2098 calculi
505 2039 575 2098 sive
605 2046 705 2115 ψῆφοι
730 2041 927 2101 vocabantur
950 2039 1048 2110 κύνες)
1074 2039 1330 2115 nominarentur,
1353 2040 1403 2099 uti
1427 2038 1542 2100 solitos

361 2165 444 2226 esse,
485 2152 589 2225 ίίοονο
630 2153 804 2213 ludentibus
845 2153 944 2213 όιόονο
985 2152 1103 2212 licitum
1142 2152 1238 2226 fuisse
1279 2150 1396 2211 πόλιν
1430 2152 1542 2213 buberc

361 2262 504 2335 πόλεις.
536 2266 669 2326 Videtur
700 2268 774 2327 inde
804 2265 949 2345 παροιμία
981 2267 1059 2326 nata
1083 2281 1155 2326 esse
1178 2264 1278 2336 πόλεις
1300 2264 1454 2342 παίζομεν,
1477 2281 1542 2340 qua

361 2377 540 2437 indicarent
570 2378 612 2453 id,
644 2379 690 2438 de.
706 2394 769 2451 quo
792 2379 1085 2455 confabularentur,
1110 2393 1174 2438 non
1197 2394 1300 2438 unum
1324 2380 1433 2439 toturn
1455 2394 1540 2455 esse,

362 2490 419 2550 sed
450 2493 597 2552 constare
629 2508 646 2551 e
674 2493 788 2553 multis
810 2494 956 2568 partibus
976 2493 1194 2567 homonymis
1215 2493 1291 2565 Ideo
1311 2490 1461 2553 verbani
1482 2500 1542 2551 τῶν

361 2603 527 2673 παιζόντων
542 2600 562 2676 ¹)
606 2608 761 2667 vertenda
798 2623 914 2668 censeo
951 2611 1007 2684 ,ut
1041 2607 1192 2668 ludentes
1225 2608 1369 2683 dicunt”,
1405 2622 1469 2668 non
1503 2611 1542 2668 ut

362 2702 527 2787 Picinus²l
559 2718 636 2778 fecit
671 2723 726 2794 ,ut
749 2735 839 2780 more
863 2721 1040 2780 iocantium
1066 2720 1211 2795 loquar’f,
1235 2721 1311 2792 quia
1334 2721 1541 2794 proverbium

362 2834 433 2890 erat
455 2829 553 2903 πόλεις
576 2831 728 2909 παίζομεν,
750 2848 813 2893 non
836 2831 921 2903 πόλις
945 2831 1001 2893 stol
1019 2831 1118 2904 πόλεις
1134 2831 1316 2910 πάμπολλαι.
1337 2833 1540 2908 Ubicumque

362 2946 448 3006 enirn
483 2947 567 3020 apud
602 2946 772 3007 Platonem
805 2946 946 3007 formula
973 2944 1004 3005 τὸ
1037 2953 1095 3005 νόον
1126 2945 1292 3018 παιζόντων
1324 2947 1487 3020 significat
1509 2945 1540 3007 τὸ

360 3058 530 3138 λεγόμενον,
556 3060 762 3135 proverbium
791 3059 843 3120 vel
867 3059 965 3121 dictio
987 3060 1199 3135 proverbialis
1221 3061 1409 3121 immutatis
1433 3062 1540 3122 verbis

362 3173 471 3234 addita
502 3176 563 3249 est,
595 3174 634 3234 cf.
664 3174 742 3248 Rep.
768 3174 832 3233 573
859 3171 936 3232 Ονὸ
958 3181 1018 3233 τῶν
1041 3171 1208 3244 παιζόντων
1230 3180 1318 3232 τοῦτο
1341 3172 1378 3233 σὺ
1401 3171 1452 3234 καί
1476 3171 1539 3251 ἐμοὶ

362 3283 445 3364 ἐρεῖς,
475 3287 571 3360 Legg.
606 3288 669 3347 780
700 3286 723 3347 O
754 3294 863 3347 ποιοῦν
885 3284 937 3346 τὸν
960 3283 1140 3364 νομοθέτην,
1162 3284 1194 3346 τὸ
1218 3296 1276 3346 τῶν
1300 3286 1477 3365 παιζόντων,
1499 3286 1539 3358 είς

361 3407 421 3477 πορ
457 3398 567 3471 ξαίνειν
602 3403 660 3459 ιιτλ.
696 3400 783 3476 Quae
814 3401 843 3460 si
874 3402 962 3460 recte
993 3401 1166 3478 disputari,
1195 3402 1263 3462 iure
1296 3403 1460 3477 probanda
1490 3402 1540 3461 est

362 3513 570 3573 Herwerdeni
601 3513 675 3583 (idn.
710 3514 805 3584 1883)
835 3514 934 3574 verba
965 3507 1086 3598 dtl'od
1116 3512 1200 3585 πόλις
1226 3515 1377 3574 exsulare
1400 3515 1540 3575 iubentis

362 3626 556 3687 emendatio.
589 3624 753 3700 dampbell
785 3628 867 3686 duas
898 3627 1130 3701 explicationes
1154 3628 1251 3704 dedit,
1277 3643 1416 3700 quarum
1439 3643 1540 3688 unam

361 3739 492 3798 tantum
532 3740 644 3813 utpote
683 3741 827 3800 nondum
862 3741 1023 3813 prolatam
1058 3741 1263 3802 memorabo:
1305 3755 1402 3816 ,may
1437 3740 1541 3801 either

362 3869 460 3914 mean
491 3854 527 3924 (I)
556 3869 603 3927 ,as
625 3854 736 3928 people
758 3854 914 3929 jestingly
939 3858 1007 3928 say’
1033 3856 1066 3915 in
1090 3855 1238 3936 allusion
1251 3857 1285 3914 to
1309 3870 1401 3916 some
1423 3855 1541 3930 saying

362 3965 398 4028 οὐ
422 3965 507 4038 πόλις
530 3964 603 4026 ἀλλὰ
625 3966 725 4038 πόλεις
748 3972 795 4039 (οΓ
817 3972 926 4044 πολεῖς,
949 3970 1005 4029 the
1029 3969 1105 4044 Epic
1127 3968 1232 4043 plural
1257 3968 1292 4028 of
1311 3967 1448 4039 πολός-
1474 3970 1542 4041 ,not

362 4098 382 4143 a
412 4082 479 4156 city
510 4083 568 4142 but
599 4084 773 4157 amany’),
798 4083 855 4142 the
880 4084 975 4143 exact
999 4082 1252 4157 applicationes
1273 4082 1377 4142 which
1400 4082 1461 4141 has
1484 4085 1541 4142 not

361 4198 441 4257 been
472 4196 644 4271 preserved
675 4198 709 4255 to
740 4210 790 4275 us,
815 4210 850 4255 or
875 4196 927 4266 (II)
953 4211 999 4268 ,as
1024 4197 1057 4256 in
1079 4197 1185 4270 game’
1210 4196 1294 4257 etc.”
1318 4229 1357 4238 —
1382 4195 1461 4256 Post
1485 4194 1540 4255 όόο

394 4497 415 4564 ¹)
436 4501 527 4548 Nescio
550 4516 582 4548 an
606 4503 672 4550 hanc
696 4498 852 4550 locutionem
876 4505 1024 4550 tractaverit
1047 4505 1076 4550 Ε.
1101 4502 1238 4550 (iriinwald
1264 4502 1465 4562 „Sprichwbrter
1486 4503 1542 4549 und

361 4577 528 4638 sprichwdrtl.
546 4582 722 4629 Redenserten
739 4583 782 4629 bei
798 4583 880 4629 Plato.
900 4585 989 4629 1893.”

332 4651 334 4655 ’
395 4652 416 4721 ²)
433 4658 606 4708 Probantibus
624 4662 779 4710 Schneidero
798 4664 824 4709 et
842 4663 866 4710 J.
885 4663 913 4709 Α.
932 4663 1040 4711 stowort
1057 4658 1148 4728 (class.
1167 4664 1227 4712 Ber.
1247 4663 1311 4710 1893
1330 4675 1355 4723 p.
1374 4655 1442 4728 359)-
