3417 5175
757 438 796 502 51

184 631 456 705 exspectaueram
490 632 523 691 et
552 630 692 692 tortasse
722 630 815 692 Plato
845 632 975 705 scripsit
1008 630 1107 697 δοκεῖν.
1139 626 1266 708 δίκαιον,
1300 620 1359 691 tu'

186 736 265 802 εἶναι
294 740 444 803 ἐθέλοντα.
476 744 674 806 scholiastes
704 744 849 807 Platonis
879 745 912 806 in
940 746 1026 807 bunc
1050 746 1362 821 moduvaosobyli

186 872 321 920 vernum
352 857 448 921 citat:
473 855 511 918 οὐ
532 854 588 937 γὰρ
613 857 712 918 δοκεῖν
735 856 860 934 δίκαιος,
881 851 940 918 ἀλλ’
963 851 1039 918 εἶναι
1058 855 1165 918 θέλων.
1185 859 1363 933 Postquam

186 968 306 1029 δίκαιον
337 972 412 1045 post
443 969 542 1030 δοκεῖν
564 971 669 1048 perlit,
692 970 815 1036 librarii
837 968 958 1052 ἀγαθὸν
982 972 1083 1043 (vocis
1105 976 1245 1051 γενναῖον,
1269 973 1363 1034 inter·

135 1080 430 1157 Opretamontum
458 1084 492 1145 in
523 1099 588 1158 mg.
620 1085 820 1159 adscriptum
829 1088 856 1155 t)
887 1088 920 1145 in
954 1088 1085 1148 textum
1115 1086 1304 1148 intulerunt.
1343 1078 1361 1172 ΙΙ

186 1196 369 1271 Madvigius
399 1197 539 1268 (Baitero
561 1198 727 1272 probante)
751 1199 892 1259 correxit
914 1206 1046 1270 τοιοῦτος
1071 1197 1151 1276 [cipp
1177 1214 1240 1261 non
1265 1200 1363 1276 male,

185 1325 388 1384 quamquam
418 1312 453 1371 et
477 1306 591 1387 ἄδηλον
619 1307 731 1384 (tv)
759 1301 816 1371 οὖν
839 1288 1012 1373 emendare
1035 1312 1130 1387 licct;
1155 1313 1284 1387 saepius
1309 1312 1365 1391 εἴη,

185 1414 227 1500 ἦν
251 1426 304 1501 eto
325 1424 418 1485 Pluto
440 1423 592 1486 omittere
616 1424 710 1500 solet,
734 1425 798 1485 vid.
823 1425 1018 1485 &handum
1038 1426 1072 1485 in
1096 1427 1215 1501 „Novis
1237 1426 1363 1488 domm.

185 1539 313 1601 Platon.
347 1540 453 1601 1871”
477 1541 576 1610 (errat
597 1539 783 1600 Schmelzsr
805 1542 925 1614 putans
948 1534 986 1597 δν
1010 1541 1043 1600 et
1066 1538 1111 1617 εἴη
1134 1540 1234 1600 simul
1255 1541 1363 1601 omitti

184 1657 303 1728 posse).
327 1653 405 1714 Post
426 1653 624 1713 sententiam
644 1652 894 1715 conditionalem
918 1651 944 1713 εἰ
966 1651 1044 1724 δόξει
1067 1656 1117 1712 nrt
1141 1654 1222 1713 milri
1245 1654 1362 1715 indica·

185 1766 277 1828 tirus
306 1769 380 1841 post
409 1774 541 1837 τοιοῦτος
572 1750 660 1837 (ἐστίν
690 1766 872 1840 Madvigius
900 1767 1038 1841 supplet)
1062 1768 1218 1841 displicet.
1243 1767 1314 1826 vam
1340 1768 1364 1827 L

186 1877 301 1956 ἄδηλον
334 1876 370 1938 δν
407 1885 475 1954 (pro
513 1869 579 1950 οὖν)
614 1880 735 1953 recepit
764 1879 929 1939 Herwerd.
963 1879 1035 1949 (lin.
1073 1880 1169 1951 1883)
1200 1883 1363 1943 commate

186 1994 262 2067 post
291 1985 366 2051 εἶναι
397 1993 512 2067 posito,
540 1992 624 2065 quod
655 1992 731 2052 ferri
753 1993 861 2066 potest
884 1992 1059 2053 dummodo
1082 2008 1108 2053 c.
1133 1992 1293 2067 Madvigio
1317 1992 1362 2071 εἴη

186 2107 343 2168 deleatur.
358 2138 398 2149 -
411 2105 487 2165 Mox
505 2105 541 2166 ll.
559 2104 680 2168 llehlcr
700 2105 776 2175 (Mn.
803 2105 900 2175 1854)
919 2106 1007 2166 racto
1028 2106 1067 2167 oi.
1090 2103 1172 2177 [διεδ]
1187 2106 1365 2179 κακοδοξίας

186 2222 316 2294 proptor
339 2220 512 2293 phrynion
534 2220 645 2290 oen.
669 2219 789 2281 Αοειο.
816 2218 901 2279 1814
925 2234 956 2294 p.
981 2222 1012 2281 e.
1036 2220 1089 2290 ra)
1111 2220 1208 2281 κατε
1229 2200 1365 2300 στεγαις

132 2344 135 2350 ’
187 2332 444 2412 πορηγορήμασιν·
469 2331 625 2410 Αἰσχύλος.
645 2315 747 2415 δοτική
768 2328 832 2391 ἀντὶ
852 2339 971 2411 γενικῆς
992 2334 1106 2416 Ἀττικῷ
1126 2330 1267 2411 ἐχρήσατο
1290 2330 1363 2393 ἔδει.

188 2444 317 2506 Μάιον
344 2455 447 2529 γενική
470 2443 614 2525 κέχρηται·
638 2443 679 2522 μὴ
702 2442 858 2525 τέγγεσθαι
880 2443 940 2505 ὑπὸ
966 2445 1152 2518 κακοδοξίας.
1176 2448 1272 2509 Patet
1294 2448 1362 2509 Pta-

89 2611 92 2614 .
187 2562 299 2622 tonem
342 2560 513 2636 scripsisse
554 2556 711 2640 τέγγεσθαι
749 2558 925 2632 κακοδοξίας
959 2560 1084 2623 omissa
1116 2562 1363 2637 praepositione.

191 2672 356 2754 Τήήεσθαι
378 2674 453 2745 (vid.
478 2672 641 2743 Photium)
664 2673 751 2734 ldom
775 2674 827 2734 est
849 2675 948 2746 atquc
970 2672 1067 2734 εἴκειν.
1087 2674 1134 2736 Ut
1151 2669 1299 2751 ἡττᾶσθαι
1320 2678 1365 2746 (ct

188 2792 372 2866 κρατεδτθαι)
403 2803 431 2848 ο.
462 2787 605 2860 genitivo
637 2787 835 2848 construitur
867 2787 898 2856 (i.
924 2803 951 2848 e.
987 2788 1151 2863 „cedero”,
1183 2787 1293 2864 εἴκειν),
1316 2789 1364 2850 ita

189 2902 282 2963 Plato
310 2898 467 2980 τέγγεσθαι
496 2900 652 2962 adhibuit.
684 2900 746 2961 Pro
775 2898 827 2959 ἴνα
858 2900 892 2960 in
922 2900 1011 2961 codd.
1041 2897 1101 2978 ήτα
1124 2903 1300 2976 scriptum;
1325 2903 1365 2963 de

190 3015 261 3077 Par.
286 3015 314 3075 A
339 3014 470 3090 campo.
495 3015 631 3076 annotat
657 3013 836 3090 „Bya1is
859 3012 910 3072 ἴτω
935 3015 1097 3075 corrected
1120 3017 1154 3076 to
1175 3011 1267 3092 ήτα.”
1289 3015 1364 3076 Sex-

190 3128 314 3190 contios
343 3128 377 3189 in
407 3129 479 3189 Par.
511 3129 540 3188 Α
570 3134 589 3204 ή
620 3142 677 3202 pro
708 3141 719 3185 ῑ
752 3127 848 3188 modo
872 3127 1040 3203 scriptum,
1064 3129 1160 3190 modo
1183 3131 1365 3190 correctum

134 3246 166 3311 l)
190 3244 251 3303 ost.
275 3232 297 3324 ΙΙ
318 3241 388 3300 Vm
412 3242 437 3301 L
459 3237 606 3319 περιμένει
630 3254 686 3314 pro
710 3235 838 3316 ἐπιμένει
862 3241 950 3300 recto
973 3240 1023 3310 (ci.
1050 3242 1114 3302 aot
1127 3242 1166 3312 A)
1190 3242 1365 3316 probarunt

140 3356 255 3423 illst
287 3357 322 3415 ot
351 3354 503 3428 Hirocbig
533 3353 592 3424 (od.
624 3353 804 3414 Phaedonis
839 3353 946 3424 1853).
979 3343 999 3435 ΙΙ
1031 3352 1106 3414 Mox
1140 3355 1365 3428 corrigendum

188 3483 306 3530 0611890
329 3464 386 3527 κᾶν
410 3465 449 3544 δὴ
471 3464 522 3526 καὶ
545 3464 591 3546 dy.
615 3482 672 3542 pro
695 3463 745 3525 καὶ
769 3463 807 3543 δή
830 3463 887 3525 κᾶν
912 3463 957 3545 ἀγ.
981 3470 1039 3525 κτλ.
1066 3501 1107 3510 -
1132 3467 1201 3526 Vnn
1225 3469 1251 3528 L
1274 3466 1366 3544 δεθή-

186 3599 267 3642 σεται
297 3584 384 3642 reotc
418 3581 594 3656 probarunt
616 3580 657 3641 H.
683 3578 820 3641 Wolflus
843 3582 876 3640 et
900 3579 1064 3640 Horword.
1090 3580 1164 3650 (bin.
1191 3581 1297 3653 1883).
1324 3615 1364 3626 -
1400 3567 1401 3572 ¹

188 3684 251 3756 Pro
274 3691 492 3771 ἐκκαυθήσεται
514 3694 695 3767 antiquitus
719 3693 873 3763 (testibus
897 3693 1063 3758 Clemente
1086 3694 1193 3771 Alex„
1217 3695 1365 3772 Eusebio,

190 3809 401 3879 Theodoroto)
432 3804 625 3884 ἐκκοκήοεται
648 3806 815 3880 legebatur
838 3807 897 3877 (sic
920 3808 953 3866 et
976 3807 1122 3870 nonnulli
1145 3808 1256 3885 codd),
1281 3809 1366 3870 undo

188 3922 306 3982 Astius
325 3922 510 3996 suspicatus
529 3924 581 3982 est
599 3920 770 3980 Platonem
789 3919 959 3993 scripsisse
980 3917 1197 3998 ἐκκαυθήσεται
1217 3918 1268 3980 καὶ
1284 3918 1366 3981 ἐκκο-

188 4034 325 4112 ιτήσεται,
344 4050 444 4108 quam
462 4035 660 4097 seutentiam
679 4033 918 4094 Horwerdenus
939 4034 970 4103 (l.
992 4034 1024 4104 l.)
1046 4036 1258 4110 comprobans
1278 4050 1365 4109 prae-

188 4151 282 4212 terea
322 4149 463 4210 correxit
506 4145 748 4224 [ἐκκαυθήσεται
792 4144 877 4223 [mit
911 4144 1103 4225 ἐκκοιιήσεται
1137 4153 1195 4208 κτλ.
1229 4149 1367 4209 Prorsus

189 4263 354 4324 assentior
376 4263 603 4337 Herwerdono‚
627 4276 827 4335 quamquam
851 4275 916 4321 non
937 4259 1058 4322 infitior
1079 4262 1179 4322 etiam
1198 4259 1230 4320 τὸ
1251 4258 1366 4320 ἐκκαίειν

189 4375 261 4448 τοὺς
283 4371 465 4453 ὀφθαλμοὺς
487 4376 592 4450 (Gorg.
616 4375 681 4436 473
695 4373 728 4450 0,
752 4374 869 4436 Herod.
896 4376 925 4436 7.
953 4375 1003 4444 18)
1028 4374 1113 4434 inter
1135 4374 1366 4449 suppliciorum

189 4505 312 4566 genera
341 4491 445 4561 (iuxta
475 4487 636 4566 ἐκκόπτειν,
666 4485 830 4567 ἔξορύττειν
853 4487 924 4560 τοὺς
947 4484 1136 4564 ὀφθαλμοὺς)
1161 4489 1366 4551 referendum

189 4620 275 4666 esso.
297 4603 461 4666 Ciceronis
480 4605 590 4674 astate
608 4602 752 4664 nondum
766 4604 937 4675 corruptus
948 4602 1001 4662 hic
1012 4601 1102 4661 locus
1114 4601 1216 4663 fuisse
1229 4602 1367 4679 videtur,

188 4734 294 4794 quum
326 4719 359 4778 in
392 4718 463 4780 eius
494 4718 532 4779 de
564 4716 739 4792 Republica
770 4715 837 4776 Lib.
864 4715 928 4774 ΙΙΙ0
951 4714 1143 4776 exhibeatur
1168 4716 1290 4791 „bonus
1313 4717 1368 4778 ille
