3417 5175
911 410 1070 475 92'

293 592 475 672 Grequirit
509 598 578 660 δέοι.
603 592 628 684 ΙΙ
647 603 756 679 Recte,
791 604 824 663 ni
856 605 959 682 fallor,
992 606 1156 668 Herwerd.
1188 609 1261 679 (Mn.
1296 610 1390 680 1883)
1420 612 1521 671 verba

341 712 410 784 τοὺς
441 714 577 789 φύλακας
610 715 744 776 delenda
766 718 909 794 censuit;
935 719 975 779 ci.
999 736 1050 781 ex.
1075 736 1122 795 gr.
1148 723 1263 783 3951)
1287 721 1323 782 οό
1347 721 1385 799 δὴ
1409 720 1521 803 ἐπιτρέ-

342 840 450 903 ψομεν,
473 818 515 887 ὧν
538 848 638 904 φαμεν
660 827 808 906 κήδεσθαι
830 828 881 889 aci
906 831 967 891 δεῖν
991 831 1102 905 αὐτοὺς
1124 838 1183 893 κτλ.
1527 918 1529 922 Α

195 942 260 1001 408
288 940 319 1005 Β
387 943 456 1022 Sec.
481 943 611 1017 Gampb.
636 944 706 1005 Par.
731 936 772 1004 AI
799 945 931 1007 exhibet
953 942 992 1018 ὡς
1016 944 1129 1007 ἔοικενο
1149 945 1153 1026 1
1175 947 1305 1026 μοθετὴς
1328 941 1379 1027 εἷς,
1400 941 1456 1011 ΑῙῙ
1480 947 1520 1022 ὡς

232 1078 239 1091 r
343 1052 491 1115 ἔοιιενὺνο
512 1053 516 1136 i
537 1045 667 1133 μοθιτὺγς
689 1050 738 1129 εἷς.
763 1058 861 1118 Vides
883 1062 962 1133 quot
987 1076 1111 1121 errores
1135 1062 1205 1123 Par.
1230 1053 1272 1122 ΑῙ
1290 1062 1520 1139 haplograpbia

342 1171 553 1233 commiserit.
574 1172 648 1233 Mox
668 1172 832 1233 Herwerd.
850 1173 924 1243 (lin.
945 1175 1040 1245 1883)
1053 1176 1091 1236 ci.
1111 1172 1150 1247 ὡς
1163 1174 1258 1255 πατὴρ
1271 1173 1339 1249 ὑέος
1352 1179 1411 1238 aut
1423 1177 1519 1257 ὥσπερ

346 1281 524 1362 <πατὺγρ>
552 1281 630 1361 ὑέος,
652 1288 734 1359 quae
757 1286 924 1360 ingeniosa
947 1303 1026 1349 sanc
1050 1291 1101 1349 est
1128 1291 1170 1366 ca,
1194 1290 1251 1351 sed
1274 1291 1370 1365 plane
1394 1292 1519 1352 inutilis

342 1401 374 1457 et
403 1398 547 1459 Platonis
569 1400 767 1460 sententiam
793 1401 953 1462 minuens.
979 1402 1079 1464 Paulo
1102 1405 1175 1478 post
1198 1404 1380 1478 Madvigius
1403 1409 1519 1475 (errore

340 1511 449 1585 procul
484 1512 590 1582 dubio)
625 1514 664 1574 ci.
699 1511 766 1593 περὶ
800 1505 842 1574 ὧν
874 1537 917 1586 τις
948 1514 1128 1589 σπουδόζοι;
1159 1519 1286 1592 poterat
1316 1519 1353 1579 in
1373 1522 1515 1580 mentem

342 1625 451 1685 veniru
474 1622 541 1703 περὶ
563 1620 599 1684 όν
622 1631 671 1685 κτλ
694 1628 775 1698 (coll.
797 1629 862 1690 405
883 1631 932 1707 Α),
955 1633 989 1691 at
1008 1646 1071 1692 uon
1092 1634 1144 1692 est
1163 1646 1263 1693 causa
1281 1648 1340 1693 cur
1352 1634 1518 1707 vulgatam
1596 1692 1598 1697 .

342 1740 517 1801 tentemus.
551 1740 620 1797 vam
650 1742 675 1801 L
706 1741 865 1814 σπουδάζει
896 1745 982 1805 recte
1009 1747 1199 1819 receperunt
1222 1746 1285 1805 Ast
1308 1746 1342 1806 et
1363 1746 1518 1807 Richards

343 1853 456 1923 (class.
482 1853 560 1915 Rev.
584 1855 690 1931 1893),
713 1856 787 1929 quia
805 1856 952 1917 futurum
973 1858 1215 1935 (νομοθετήσεις),
1232 1875 1296 1920 non
1308 1860 1517 1934 praeteritum

342 1967 522 2043 praecedat.
550 1968 633 2029 Male
661 1969 895 2030 Stallbaumius
923 1971 1031 2041 (1858)
1060 1970 1132 2055 δόξῃ
1160 1987 1215 2046 pro
1240 1970 1319 2043 δόξει
1342 1973 1458 2033 suasit.
1480 2006 1516 2015 -

341 2084 416 2144 Mox
441 2082 677 2143 Herwerdenus
702 2083 776 2154 (lin.
803 2084 900 2154 1891)
920 2085 959 2145 ci.
980 2083 1143 2164 μαργότερα
1162 2084 1255 2170 τούτῳ
1275 2085 1324 2157 (V.
1345 2086 1392 2157 L.)
1405 2084 1518 2167 ξυγγίγ-

341 2200 449 2255 νεσθαι
471 2212 527 2271 pro
551 2171 714 2275 μακρότερα
737 2197 849 2257 τούτων
873 2198 906 2274 ξ.,
930 2198 1033 2274 male;
1054 2200 1196 2273 primurn
1217 2200 1297 2260 illud
1317 2200 1517 2274 exquisitum

341 2310 453 2371 τούτων
468 2303 500 2386 ¹),
535 2326 599 2384 quo
633 2312 831 2372 constitutus
864 2313 980 2373 modus
1013 2314 1182 2388 indicatur,
1214 2315 1307 2391 perit,
1332 2315 1448 2375 deinde
1470 2315 1519 2374 vis

237 2415 240 2420 ’
342 2424 554 2498 comparativi
589 2422 751 2503 γοργότεροι
787 2426 924 2486 absurde
959 2427 1103 2487 declarat
1137 2427 1264 2488 licitum
1296 2443 1369 2487 csse
1402 2426 1518 2507 μάργος

342 2536 553 2617 ξυγγίγνεσθαι
583 2539 661 2598 dum
692 2539 804 2600 modus
834 2543 970 2601 τοιοιλιιτ
996 2541 1030 2602 tc
1052 2541 1153 2602 rebus.
1177 2541 1248 2602 Non
1271 2540 1392 2603 infitior
1415 2540 1518 2616 magis

341 2652 501 2712 usitatum
524 2652 625 2712 fuisse
649 2649 818 2732 περαιτέρω,
843 2655 900 2714 sed
923 2671 980 2729 per
999 2671 1035 2716 se
1055 2657 1238 2729 spectatum
1259 2654 1424 2734 μακρότερα
1445 2656 1517 2716 ferri

292 2761 316 2828 G
339 2750 456 2840 potest.
482 2756 501 2848 ΙΙ
526 2764 603 2825 Mire
634 2765 791 2828 Richards
819 2767 932 2838 (Class.
964 2767 1043 2830 Rev.
1071 2769 1166 2840 1893)
1190 2768 1273 2829 dixit
1300 2769 1348 2844 „si
1370 2765 1517 2844 ὑφέξοντα

341 2893 459 2938 sanum
493 2894 550 2954 pro
585 2876 713 2957 ὑπέχειν,
743 2882 814 2940 tum
846 2881 985 2952 fortasse
1009 2881 1080 2955 lege
1106 2877 1229 2955 <ὡς>
1257 2880 1354 2961 ψόγον
1378 2884 1458 2941 ιπλ.”
1481 2884 1517 2942 In

340 3008 482 3054 errorem
501 2992 618 3053 ductus
638 3009 711 3054 esse
734 2995 860 3055 videtur
883 2994 952 3054 loco
974 2995 1080 3070 specie
1100 3010 1164 3056 uon
1186 2995 1338 3056 dissimili
1357 2997 1390 3056 in
1411 2997 1475 3058 426
1496 2995 1517 3058 0

340 3104 379 3178 ὡς
402 3105 674 3186 ἀποθανουμένους
694 3113 754 3185 πτλ,
773 3124 850 3169 nam
871 3109 976 3170 dicere
997 3126 1072 3171 eum
1093 3112 1279 3185 oportuerat
1302 3113 1349 3187 „si
1370 3107 1516 3187 ὑφέξοντα

341 3236 404 3282 non
440 3237 568 3298 sanum,
603 3224 675 3282 tum
711 3223 833 3296 corrige
869 3219 1020 3298 ὑφέξειν.”
1056 3224 1182 3284 Accidit
1215 3239 1449 3298 nonnunquam
1483 3224 1518 3284 ut

340 3334 493 3395 infinitivi
515 3336 549 3396 in
573 3355 630 3393 -ιιν
654 3337 812 3396 exeuntes
835 3336 870 3394 in
889 3356 935 3395 -εν
951 3337 1160 3397 librariorum
1181 3337 1274 3413 culpa
1294 3339 1516 3415 corripiantur,

342 3449 455 3509 deinde
479 3465 498 3510 a
518 3450 621 3510 doctis
631 3451 667 3519 (1)
688 3449 920 3510 correctoribus
940 3451 976 3516 in
993 3451 1162 3525 participia
1180 3454 1358 3514 mutentur.
1380 3452 1518 3526 Vulgata
1674 3501 1675 3514 ,

288 3561 317 3627 Ε
339 3564 452 3623 tamen
476 3562 603 3623 delendi
626 3564 743 3636 potest.
768 3554 788 3646 ΙΙ
812 3563 898 3623 Astii
922 3566 955 3624 oa
977 3567 1211 3644 μαπρολογοῖμιν
1236 3567 1328 3627 nobis
1352 3581 1416 3627 non
1440 3581 1518 3641 opus

342 3677 403 3752 est,
427 3675 504 3736 ιιυυι
526 3676 559 3735 n
584 3676 655 3737 Par.
679 3678 707 3737 Α
731 3677 842 3753 ultera
865 3684 888 3734 α
913 3677 945 3737 in
969 3678 1069 3738 utura
1092 3678 1145 3739 sn.
1674 3665 1675 3758 ζ

194 3787 260 3848 404
291 3788 319 3850 A
388 3789 584 3851 Rectissime
617 3790 780 3852 Herwerd.
814 3790 888 3861 (lin.
924 3791 1019 3862 1883)
1043 3792 1214 3866 legendum
1238 3795 1350 3853 censet
1374 3785 1457 3853 οὑτοι
1482 3791 1521 3864 [οἱ

343 3900 490 3980 ἀσκηταῆ.
514 3902 560 3962 Ut
582 3918 680 3977 supra
705 3903 796 3965 Plato
820 3903 935 3976 τούτοις
959 3906 1041 3965 dixit
1064 3921 1121 3980 pro
1143 3905 1258 3977 τούτοις
1281 3910 1342 3978 τοῖς
1366 3903 1519 3983 ἀθληταῖς,

340 4020 387 4080 sic
411 4018 463 4080 hic
484 4008 566 4077 οὗτοι
586 4017 695 4091 posuit
714 4033 771 4092 pro
792 4010 876 4077 οὑτοι
898 4017 929 4077 οἱ
947 4015 1078 4095 ἅπτηταί.
1100 4020 1200 4080 Paulo
1220 4021 1296 4081 ante
1314 4020 1386 4094 lege
1410 4019 1518 4100 μεγάλα
1539 4025 1541 4030 ·

287 4135 317 4200 Β
343 4129 404 4204 [καὶ
428 4130 569 4211 σφόδρα).
595 4123 614 4212 ΙΙ
638 4130 719 4192 Male
744 4131 837 4192 Schn.
864 4131 975 4193 Herm.
996 4134 1080 4194 Bait.
1102 4133 1215 4208 camp..
1235 4149 1261 4195 c.
1284 4134 1360 4194 ΡυιΟ
1375 4135 1404 4194 A
1425 4129 1518 4212 ἁπλῆς

341 4248 417 4306 ante
442 4253 586 4323 μουσικῆς
610 4245 800 4306 omiserunt.
827 4244 908 4305 Cum
932 4247 984 4306 hio
1008 4246 1098 4308 locus
1122 4247 1206 4308 inira
1233 4248 1268 4317 (E
1291 4242 1310 4324 ὑ
1336 4241 1363 4306 δ’
1392 4243 1518 4324 ἁπλότης

340 4356 414 4418 κατὰ
439 4355 492 4435 μὲν
516 4356 663 4436 μουσικὴν
687 4359 720 4418 ei
743 4358 850 4418 41οΑ
873 4368 908 4441 τῇ
933 4355 1011 4443 ἁπλῇ
1035 4357 1132 4444 ἐκείνῃ
1156 4363 1294 4444 μουσικῇ)
1318 4361 1518 4436 respiciatur,

340 4488 436 4547 aegre
470 4473 526 4534 illa
562 4487 640 4533 voce
675 4487 784 4534 carere
817 4487 1003 4546 possumus.
1039 4474 1078 4534 In
1109 4473 1181 4535 Par.
1213 4473 1242 4533 A
1274 4474 1395 4536 excidit
1425 4469 1518 4552 ἁπλῆς

373 4714 393 4782 ¹)
414 4721 507 4764 Τούτων
526 4719 652 4778 exquisite
670 4720 768 4769 dictum
786 4723 826 4769 est
843 4732 890 4781 pro
907 4724 989 4768 τούτου
1008 4721 1076 4770 sicut
1094 4721 1181 4770 3941>
1200 4723 1270 4768 πλοίου
1287 4719 1320 4768 δτι
1339 4721 1431 4766 τούτοιν.
1663 4739 1675 5156 γ
