3417 5175
865 412 924 459 xlv

307 587 550 647 emendationes
574 585 747 662 (imprimis
770 584 868 661 Astii)
893 588 1033 661 recipere
1057 604 1157 647 ausus
1181 590 1231 647 111
1255 589 1306 649 hic
1329 589 1395 649 illio
1414 590 1483 663 ipse

307 699 506 759 coniectandi
529 700 707 774 periculum
730 715 793 759 non
817 715 945 772 semper
969 701 1140 759 infeliciter
1164 702 1295 761 faciens,
1321 702 1408 761 Usus
1433 706 1484 763 est

308 811 446 889 (praeter
480 814 617 873 Bekkeri
652 800 788 888 codices)
824 817 896 873 octo
931 815 1093 873 codicibus
1131 814 1335 888 Florentinis,
1367 816 1483 888 quibus

308 930 419 987 autem
454 927 565 987 critica
599 926 693 985 facile
725 927 934 999 supersedere
966 928 1083 999 potest.
1119 927 1253 986 Maximi
1271 907 1362 989 ¹fecit
1393 930 1505 990 codd.-

309 1037 456 1115 Adqd

120 1132 284 1200 Schneid·
353 1155 457 1213 Editio
481 1155 752 1213 Sofluumuamua
776 1151 887 1229 (1830)
916 1153 1010 1228 plane
1034 1157 1070 1212 ut
1093 1144 1294 1215 Belrkeriana
1318 1157 1357 1215 ob
1381 1173 1482 1217 unum

307 1271 498 1340 apparatum
529 1268 677 1327 criticum
709 1267 870 1326 laudanda
901 1269 960 1328 est.
994 1268 1126 1327 Praeter
1146 1269 1272 1328 codices
1295 1286 1314 1328 a
1337 1270 1483 1331 Beklrero

307 1386 339 1441 11
364 1382 576 1441 Stallbaumio
596 1382 755 1445 adhibitos
778 1382 918 1454 quinque
940 1383 1065 1441 codices
1084 1358 1349 1444 vindobonenses
1369 1400 1482 1443 unum
1535 1400 1537 1404 ⁴

307 1511 368 1568 que
403 1496 684 1555 Lobcoviciensem
719 1496 889 1567 diligenter
924 1497 1078 1555 excussit.
1112 1497 1225 1556 Iudicii
1257 1498 1422 1557 subtilitas
1454 1499 1482 1557 ei

307 1610 452 1667 maxime
484 1608 586 1668 defuit
613 1610 646 1667 et
668 1608 940 1667 iucundissimum
966 1611 1017 1668 est
1042 1610 1148 1668 videre
1173 1613 1210 1668 ut
1233 1611 1265 1668 in
1289 1611 1483 1684 posteriores

308 1724 464 1783 editiones
497 1724 598 1782 bonas
632 1724 797 1793 lectiones
833 1738 914 1795 quas
949 1724 982 1782 in
1013 1723 1153 1783 editione
1186 1724 1336 1797 Lipsiana
1370 1722 1481 1800 (1830)

308 1851 426 1908 magno
456 1836 603 1895 anfractu
634 1836 884 1895 condemnasset
914 1836 953 1894 ob
971 1833 1075 1895 Ι111111
1107 1836 1211 1895 solam
1243 1851 1375 1896 oausam
1399 1838 1483 1909 quod

306 1952 340 2008 in
374 1951 519 2010 Parisino
550 1951 578 2008 A
614 1966 654 2009 ex
689 1950 826 2009 Belrlreri
862 1949 1031 2009 collatione
1067 1966 1130 2010 non
1160 1952 1322 2026 adessent,
1355 1951 1483 2011 silentio

307 2066 531 2140 introduxerit,
563 2064 638 2137 quia
669 2064 828 2123 Duebueri
861 2063 988 2123 collatio
1017 2080 1073 2124 eas
1096 2067 1128 2124 et
1151 2065 1217 2125 illio
1241 2066 1355 2125 adesse
1379 2068 1481 2125 osten·

308 2182 419 2239 disset.

353 2294 457 2352 Editio
488 2293 669 2351 Herculum
701 2293 843 2351 multum
876 2292 1006 2351 Civitati
1033 2292 1162 2365 profuit,
1195 2293 1251 2351 sed
1277 2308 1313 2351 eo
1337 2292 1482 2351 maxime

306 2410 419 2479 111111
451 2408 535 2479 quod
570 2408 640 2466 eius
670 2409 782 2466 auctor
805 2407 951 2465 Parisino
975 2408 1014 2481 A,
1039 2407 1131 2465 ouius
1155 2378 1480 2466 creberrimaevoca·

306 2521 453 2579 bulorum
494 2521 687 2579 omissiones
724 2520 791 2579 fere
825 2535 940 2578 omnes
974 2520 1014 2578 ed
1048 2534 1148 2578 unam
1184 2519 1304 2578 librarii
1339 2519 1481 2579 incuriae

306 2635 471 2707 debentur,
495 2635 594 2693 nimis
617 2635 853 2709 obtemperavit
875 2635 1122 2706 litterarumque
1142 2635 1296 2708 apicibus,
1321 2637 1357 2692 ut
1380 2635 1481 2709 aiunt,

304 2748 422 2806 auxius
445 2748 601 2807 adhaesit.
626 2747 787 2806 Plurimos
810 2749 898 2806 11111
926 2748 1127 2807 acutissimis
1151 2749 1254 2820 iisque
1278 2762 1392 2820 parurn
1419 2747 1481 2805 vio-

305 2861 402 2920 lentis
426 2860 707 2919 emendationibus
732 2860 940 2920 emaculavit.

189 2969 283 3035 Bait.
351 2975 421 3033 Etsi
443 2974 569 3032 Barrus
591 2972 691 3049 (1814
707 2967 738 3049 'll
764 2975 797 3033 in
819 2974 936 3032 Politia
959 2974 1081 3033 edenda
1101 2974 1246 3034 Parisino
1259 2975 1287 3032 A
1306 2973 1479 3046 plurimam

306 3088 534 3147 auctoritatem
565 3088 768 3153 tribuendam
801 3103 873 3147 esse
904 3089 973 3147 iure
1001 3088 1138 3163 censuit,
1162 3089 1273 3147 tamen
1298 3089 1482 3148 coniectura

306 3204 354 3261 uti
390 3202 505 3260 maluit
538 3216 638 3272 quam
673 3203 809 3274 argutiis
847 3203 894 3271 (ut
931 3201 1093 3275 imprimis
1126 3201 1299 3260 Schneider
1329 3217 1388 3260 neo
1419 3216 1481 3259 non

306 3315 514 3374 Hermannus
545 3316 596 3374 hic
626 3316 692 3375 illic
722 3316 809 3384 fecit)
840 3317 928 3376 locos
960 3318 1126 3389 corruptos
1150 3317 1354 3375 contortosve
1378 3314 1480 3374 (11111-

306 3430 390 3487 dere.
422 3428 601 3487 Dolendum
634 3430 685 3488 est
715 3444 790 3488 eum
822 3445 863 3488 ex
895 3443 1013 3501 magno
1045 3429 1303 3488 coniecturarum
1336 3443 1481 3501 numer0,

306 3557 387 3612 quas
417 3542 499 3601 alias
530 3541 569 3600 ab
597 3542 670 3601 aliis
695 3543 773 3600 viris
797 3543 846 3601 dd.
872 3542 1480 3615 11111111111111111111111111111-

306 3655 395 3729 serit,
418 3656 546 3729 praeter
564 3656 638 3715 illas
658 3671 739 3728 quas
760 3657 792 3714 in
813 3658 943 3716 textum
963 3655 1129 3728 receperit,
1152 3670 1328 3729 perpaucas
1340 3659 1481 3714 tantum-

307 3768 402 3827 modo
425 3772 594 3828 tractasse.

111 3875 280 3945 Schmelz.
349 3881 453 3943 Editio
478 3882 684 3942 Scaurorum
708 3875 741 3957 ²),
767 3898 848 3955 quae
870 3899 910 3942 ex
934 3883 1178 3943 Hermanniana
1198 3882 1265 3942 fere
1285 3884 1355 3941 tota
1376 3882 1480 3954 fluxit,

181 3987 182 3990 '
304 3996 426 4056 nullius
455 3997 616 4055 momenti
647 3999 698 4056 est
728 4011 832 4068 neque
868 3997 937 4055 eius
968 3997 1113 4056 Platonis
1144 3996 1265 4055 mentis
1298 3994 1481 4069 explanatio

306 4111 443 4171 subtilis.
476 4111 572 4184 Fugit
605 4111 711 4170 virum
742 4111 873 4170 doctum
904 4111 1040 4169 Politiae
1067 4111 1165 4170 libros
1188 4112 1316 4184 praeter
1341 4109 1480 4182 primum

305 4225 390 4285 ludis
420 4225 556 4284 minime
587 4226 680 4299 aptos
704 4239 786 4299 esse,
811 4225 920 4296 itaque
946 4239 1060 4297 parum
1084 4224 1269 4296 diligentem
1295 4222 1451 4295 interpret
1473 4253 1480 4262 ·

341 4539 359 4603 ¹)
377 4543 447 4588 Hoec
470 4555 485 4586 a
509 4543 611 4590 Baitero
637 4544 775 4589 novissime
799 4542 930 4600 recognita
955 4541 1033 4587 editio
1057 4544 1117 4600 post
1142 4542 1197 4588 11111
1217 4543 1325 4589 mortem
1346 4541 1482 4587 immutata

305 4622 416 4680 repetito
433 4623 473 4667 est
489 4622 562 4668 annis
580 4622 653 4678 1881,
673 4623 744 4679 1887,
765 4622 827 4668 1895
848 4619 889 4681 (=
900 4620 940 4666 ed.
958 4619 1026 4680 VII).

338 4696 361 4762 2)
378 4702 493 4748 Recensa
511 4705 551 4748 est
567 4702 592 4746 11
614 4698 831 4763 ΙΙΒ11111.Ρ111111.
849 4700 982 4748 Wochons.
1001 4701 1022 4747 V
1040 4696 1098 4746 43⁹2
