3417 5175
886 336 926 395 72

316 526 505 599 Paridisque
520 524 686 584 iudicium.
705 524 776 584 Non
795 540 930 585 necesse
949 526 1001 585 est
1021 526 1058 584 ut
1077 523 1310 585 existimemus
1321 523 1491 583 Platonem

316 638 419 699 solius
441 638 576 699 Homeri
596 640 730 712 peccata
751 640 786 699 ei
807 654 932 699 encres
954 640 1125 699 ostendere
1151 637 1304 713 voluisse,
1328 638 1492 711 cumipse

316 753 351 812 ill
372 751 531 826 proximis
553 751 692 812 dixisset
713 748 766 810 ἐάν
789 773 848 823 τις
867 760 912 835 φῇ
931 745 968 810 δι’
992 754 1121 828 Ἀθηνᾶς
1139 771 1169 809 τε
1187 747 1238 808 mi
1257 747 1330 821 Διὸς
1340 748 1494 830 γεγονέναι

318 870 352 927 et
385 881 483 940 supra
516 861 584 925 οὔτε
611 859 744 944 Ὁμήρου
774 862 843 924 οὔτε
873 861 990 925 ἄλλον
1020 872 1197 941 ποιητοῦ.
1229 863 1280 924 W.
1311 864 1495 925 81181118

317 979 432 1059 (Glaes.
455 980 535 1041 Rev.
562 978 660 1057 1890)
685 980 856 1041 Platonem
880 980 996 1055 cypria
1018 981 1203 1054 respexisse
1226 980 1413 1054 suspicatus
1434 981 1493 1054 est,

316 1095 375 1155 sed
404 1094 484 1155 illud
513 1109 645 1155 carmen
672 1091 864 1171 (memoriae
886 1090 1017 1172 lapsui)
1041 1093 1184 1154 Homero
1206 1094 1407 1167 attribuisse,
1432 1106 1496 1151 non

318 1207 448 1269 Stasino
478 1205 528 1286 (ut
557 1208 655 1282 uulgo
684 1207 732 1285 iit,
756 1209 820 1270 vid.
846 1208 969 1270 lluller.
995 1208 1120 1269 Griech.
1144 1208 1207 1268 iit.
1231 1208 1257 1284 I,
1284 1205 1371 1284 118).
1395 1208 1494 1279 Argu-

319 1324 469 1383 mentum
499 1324 622 1397 autem,
648 1336 713 1395 quo
735 1323 882 1383 maxime
905 1322 1044 1383 adducor
1070 1323 1109 1381 ut
1131 1321 1325 1381 Schneidero
1349 1322 1383 1381 et
1407 1319 1494 1381 (lam-

320 1436 417 1497 bellio
438 1435 557 1495 aeriter
577 1435 747 1509 vulgatam
765 1436 948 1510 opinionem
970 1432 1151 1512 (Θεομαχίαν
1172 1434 1225 1495 hic
1243 1433 1371 1511 respici)
1392 1434 1495 1495 defen·

321 1550 472 1611 dentibus
501 1548 664 1625 adverser,
695 1550 756 1610 hoc
785 1551 855 1609 est:
887 1548 996 1623 culpat
1019 1548 1113 1608 Plato
1136 1548 1315 1608 Homerum
1341 1545 1496 1621 (aliosque

321 1660 446 1741 poetas)
466 1663 551 1737 quod
570 1662 647 1724 deos
665 1666 815 1724 auctores
826 1664 987 1724 νιοῑονυυι
1000 1678 1073 1723 esse
1085 1664 1221 1738 dixerit;
1241 1664 1277 1723 at
1288 1678 1352 1723 non
1365 1662 1496 1722 deorum

322 1792 430 1853 pugna
452 1776 638 1837 hominibus
659 1777 780 1853 nocuit,
803 1778 861 1838 sed
883 1777 941 1838 illa
964 1792 1061 1851 saepe
1080 1776 1243 1837 celebrata
1261 1777 1397 1836 dearum
1416 1775 1495 1849 rixa,

323 1906 421 1965 quam
442 1890 534 1951 Paris
549 1890 746 1952 diiudicarit.
758 1892 797 1951 In
808 1889 956 1973 θεομαχλμ
967 1891 1012 1951 dii
1024 1906 1088 1951 non
1100 1890 1258 1964 rixantur,
1271 1889 1330 1949 sed
1342 1889 1496 1963 pugnant,

323 2005 397 2066 vide
431 2021 463 2065 v.
499 2005 541 2064 66
572 2003 683 2075 ιιτύνιος
714 1996 789 2083 ὦρτο
818 2008 902 2063 θεῶν
930 2002 1005 2082 ἔριδι
1034 2001 1207 2079 ξυνιόντων,
1236 2020 1267 2063 v.
1298 2004 1361 2062 134
1385 2000 1441 2061 οὐκ
1462 1996 1498 2058 ἂν

324 2110 405 2197 ἔγωγ’
427 2113 559 2194 ἐθέλοιμι
576 2116 670 2188 θεοὺς
689 2115 765 2196 ἔριδι
783 2116 966 2189 ξυνελάσσαι.
987 2117 1021 2178 Si
1036 2116 1249 2176 nihilominus
1260 2115 1353 2175 Plato
1365 2114 1498 2174 Iliadem

325 2231 479 2307 respexit,
503 2231 618 2305 cuique
637 2232 878 2292 concedendum
897 2232 949 2290 est
968 2244 1044 2291 eum
1064 2230 1117 2289 hic
1135 2229 1328 2303 perobscure
1339 2230 1497 2302 etparum

326 2346 476 2405 accurate
498 2343 645 2406 locutum
668 2359 751 2405 esse.

182 2467 246 2527 380
277 2462 308 2529 A
374 2457 432 2518 Vir
462 2457 577 2517 doctus
606 2458 645 2518 Α.
678 2458 765 2518 Platt
796 2457 910 2528 (class.
941 2457 1020 2518 Rev.
1047 2458 1143 2528 1889)
1168 2457 1266 2517 verba
1288 2453 1321 2515 έν
1343 2448 1389 2527 οἷς
1411 2464 1499 2515 ταῦτα

325 2569 361 2632 τὰ
384 2569 503 2650 ἰαμβεῖα
527 2568 618 2630 ivam
641 2574 678 2631 ut
698 2571 863 2646 glossema
885 2572 1020 2634 delenda
1039 2574 1161 2648 censet,
1182 2571 1268 2632 male
1287 2571 1321 2631 ni
1340 2570 1444 2632 fallor.
1465 2606 1491 2614 -

327 2684 440 2746 Stallb.
466 2684 574 2755 (1858)
595 2700 670 2745 cum
694 2687 806 2760 paucis
828 2687 918 2748 codd.
942 2681 1112 2764 έξευρηαέον
1135 2701 1192 2760 pro
1212 2680 1376 2764 ἐξευρετέον
1395 2684 1499 2758 legere

327 2798 432 2874 malit,
456 2814 518 2873 quo
540 2813 605 2859 nou
629 2814 709 2874 opus
736 2800 808 2861 coll.
832 2800 956 2861 Politie.
982 2801 1088 2861 1871
1111 2797 1267 2878 εὑρετικός,
1289 2799 1365 2861 ibid.
1391 2799 1498 2859 287ss

328 2910 497 2992 διαιρετέον.
521 2913 665 2987 Sequens
689 2913 735 2985 (B)
760 2910 956 2992 διαμαχητέον
979 2916 1152 2975 servarunt
1182 2913 1238 2974 uni
1257 2914 1320 2973 Ast
1339 2912 1497 2974 Schmelz.

329 3028 459 3103 campo.
492 3042 567 3089 cum
598 3027 737 3089 Eusebio
760 3030 793 3090 et
817 3028 1028 3104 Theodoreto,
1051 3030 1156 3088 recte:
1182 3028 1221 3089 cf.
1247 3026 1388 3105 μαχητής,
1410 3047 1499 3104 μαχη-

326 3141 386 3220 τός,
419 3140 576 3222 μυχηιιιιὸς
609 3144 704 3204 iuxta
738 3141 867 3223 εὑρετής,
900 3140 1056 3222 separata,
1086 3140 1209 3221 αἱρετός,
1243 3139 1395 3220 ciperente.
1426 3139 1500 3200 Mihi

327 3258 433 3318 forma
455 3253 594 3336 μαχετέον
617 3257 713 3326 (sicut
737 3252 904 3334 μαχεοαέον,
927 3257 966 3318 81.
991 3272 1057 3317 aor.
1082 3250 1261 3333 έμαχέσθην)
1285 3255 1500 3316 recentiorum

328 3386 401 3432 esse
422 3370 559 3445 videtur,
580 3383 781 3442 quamquam
801 3370 907 3443 magis
924 3385 965 3430 ex
986 3370 1134 3443 analogia
1152 3369 1239 3430 facta
1259 3371 1311 3429 est
1332 3368 1500 3429 verborum

328 3482 502 3558 vocalium,
523 3497 606 3554 quae
626 3481 773 3543 vocalem
794 3497 859 3542 non
879 3482 913 3542 in
932 3483 1084 3544 omnibus
1103 3483 1303 3557 temporibus
1314 3482 1500 3556 producunt,

328 3597 368 3658 cf.
402 3593 562 3680 ἐπῄνημυι,
592 3593 783 3674 ἐπαινετιιιός,
813 3593 989 3675 laureatos,
1018 3593 1188 3674 ἐπαινέτηςς
1217 3593 1363 3674 τέθειμοιι,
1385 3593 1502 3667 θετέος;

276 3720 305 3786 Β
329 3707 462 3788 ἔσχημαι,
484 3704 597 3782 {arion
620 3709 743 3793 ᾔρημαι,
765 3707 896 3789 αλρειός;
919 3709 1043 3790 εὕρημα,
1071 3707 1198 3790 εὑρετής.
1223 3704 1243 3794 ΙΙ
1265 3711 1366 3771 Recte
1389 3709 1500 3771 Stallb.

328 3823 437 3894 (1858)
469 3823 503 3883 et
533 3822 645 3885 Herm.
678 3839 808 3885 comma
837 3826 911 3899 post
941 3818 1000 3884 ἀλλ’
1034 3823 1071 3895 (εἰ
1101 3818 1155 3901 μέν
1185 3828 1245 3895 κτλ)
1278 3823 1436 3885 delerunt.
1463 3856 1500 3864 -

327 3935 447 3998 Statim
478 3938 552 4012 post
579 3938 620 3998 ad
650 3935 689 4010 ὡς
718 3935 820 3999 iulus
843 3938 875 3999 οἱ
895 3936 982 3999 κακοὶ
1006 3942 1116 4002 mente
1141 3939 1253 4014 supple
1276 3954 1340 3999 non
1364 3933 1444 4008 ὄντες
1468 3938 1503 3996 ut

326 4049 441 4110 Astius
465 4052 548 4125 (post
570 4047 682 4130 λέγοιεν
707 4052 806 4113 Beklr.
830 4054 864 4113 ei
887 4054 949 4113 Ast
972 4068 1101 4114 comma
1125 4051 1340 4123 sustulerunt)
1362 4051 1500 4125 iubebat,

327 4165 384 4226 sed
416 4162 481 4243 εἰσι,
510 4165 586 4238 quia
617 4165 645 4226 si
673 4162 888 4238 imaginante
912 4166 1089 4243 suppletur,
1115 4165 1213 4227 verba
1236 4161 1375 4224 cirenei
1396 4179 1501 4225 neces·

327 4279 413 4341 sario
443 4280 624 4341 subiectum
663 4278 746 4340 flunt
777 4280 866 4341 verbi
897 4277 1077 4357 ἐδεήθησαν,
1108 4280 1192 4354 quod
1223 4279 1397 4339 verborum
1429 4277 1503 4338 ordo

325 4408 390 4453 nou
421 4393 509 4454 sinit.
543 4393 577 4454 81
608 4393 700 4455 Plato
731 4390 771 4466 ὡς
803 4390 929 4465 ἀθλίους
961 4391 1030 4465 τοὺς
1062 4393 1174 4465 κακούς
1207 4393 1403 4468 scripsisset,
1427 4405 1503 4452 vera

278 4516 302 4585 0
326 4505 441 4566 Aetius
473 4507 619 4568 dixisset.
645 4498 665 4591 Η
689 4508 751 4570 Pro
782 4511 1012 4586 μυθολογοῦντα
1042 4508 1157 4568 Aetius
1184 4505 1436 4586 μυθολογούμενα
1459 4519 1502 4565 re·

322 4618 479 4696 quirebat,
510 4619 748 4683 Herwerdenus
771 4623 884 4682 autem
909 4621 981 4692 (lin.
1009 4622 1105 4692 1883)
1131 4636 1245 4682 vocem
1268 4620 1405 4682 delebat.
1430 4618 1501 4680 Ρο8-
