3417 5175
921 379 962 438 36

351 567 501 643 pastoriS,
527 566 578 627 vel
601 567 690 642 mali,
714 567 879 641 proprium
902 568 953 627 est
976 565 1145 642 ποιμαίνειν
1160 559 1192 642 ¹),
1213 567 1248 625 at
1270 572 1323 624 τοῦ
1344 558 1384 634 ὡς
1404 560 1528 640 ἀληθῶς

351 677 491 757 ποιμένος
522 682 552 750 (i.
577 697 605 742 θ.
636 674 704 739 καθ’
731 678 803 739 ὅσον
833 678 947 756 ποιμήν
979 676 1066 749 ἐστιν)
1095 677 1235 754 πιαίνειν,
1257 676 1411 755 παχύνειν,
1435 681 1528 755 θερα-

297 799 329 863 l)
352 795 454 856 νεύειν
484 792 519 853 τὰ
549 792 692 872 πρόβατα.
724 785 744 876 ΙΙ
774 794 836 854 Ρεο
867 792 965 863 (οὕτω)
996 788 1034 869 δὴ
1066 793 1124 863 (sic
1155 792 1324 867 Eusebius,
1356 792 1428 860 Ast)
1459 790 1527 852 iere

352 923 466 969 omnes
489 907 577 968 codd.
601 908 756 982 praebent
778 903 820 983 δέ,
843 907 953 966 minus
975 907 1073 982 recte,
1096 921 1198 979 quum
1217 904 1294 964 olivo
1314 903 1424 964 valeat
1448 904 1528 979 „has

352 1022 392 1081 ob
423 1021 570 1081 causas.’'
603 1021 649 1080 De
681 1020 777 1080 verbo
808 1016 886 1078 ἐστιν
914 1021 988 1094 post
1018 1011 1085 1077 καθ’
1121 1015 1191 1077 ὅσον
1215 1014 1289 1096 ἀρχὴ
1314 1017 1436 1078 omisso
1460 1018 1526 1079 vid.

301 1138 330 1203 E
353 1134 393 1194 ad
418 1134 481 1193 342
494 1134 529 1194 E.
555 1125 574 1217 ΙΙ
599 1134 784 1207 Legendum
807 1129 858 1190 καὶ
881 1129 913 1190 ἕν
932 1132 964 1203 (i.
988 1148 1015 1192 θ.
1036 1127 1103 1196 κάν)
1125 1130 1257 1215 ἰδιωτικῇ
1277 1127 1359 1214 ἀρχῇ.
1383 1167 1424 1176 -
1445 1132 1527 1192 Non·

351 1247 432 1307 nulli
463 1248 552 1307 codd.
584 1246 653 1317 τοὺς
680 1244 802 1320 <ὠς>
829 1242 952 1323 ἀληθῶς
982 1242 1135 1323 ἄρχοντας,
1163 1260 1226 1318 quo
1257 1261 1321 1306 uon
1344 1260 1435 1322 opus,
1461 1246 1525 1307 vid.

352 1376 434 1433 quae
454 1360 631 1421 Schanzius
651 1361 800 1432 (Hermes
819 1360 909 1434 XXI,
933 1359 1028 1429 1886)
1049 1360 1087 1420 de
1108 1356 1230 1435 ἀληθῶς
1249 1360 1283 1419 st
1298 1360 1337 1419 de
1352 1355 1391 1429 ὡς
1404 1356 1527 1435 ἀληθῶς

352 1473 539 1547 disputavit.
575 1473 612 1532 In
647 1471 764 1532 Politia
794 1473 895 1532 octies
927 1468 1059 1548 ἀληθῶς,
1089 1472 1303 1533 duodetricies
1334 1468 1374 1543 ὡς
1406 1469 1527 1549 ἀληθῶς

353 1587 500 1646 occurrit.
532 1585 600 1646 Sec.
633 1586 828 1647 Schanzium
859 1582 981 1661 ἀληθῶς
1017 1586 1176 1646 recentior
1206 1586 1311 1646 forma
1345 1588 1397 1647 ost
1427 1602 1526 1659 quam

353 1698 392 1771 ὡς
424 1698 555 1777 άληθῶς,
586 1716 784 1775 quamquam
808 1702 875 1761 iam
899 1716 948 1775 ap.
973 1702 1137 1776 aristoph.
1163 1706 1223 1772 (ex.
1248 1717 1295 1776 gr.
1319 1702 1425 1775 liquit.
1453 1702 1528 1769 787)

353 1812 474 1891 ἀληθῶς
505 1816 625 1875 exstat.
650 1815 806 1875 Similiter
828 1814 952 1875 iormae
974 1824 1014 1896 cp
1038 1811 1100 1873 ὄντι
1125 1816 1158 1875 et
1180 1824 1214 1898 τῇ
1240 1812 1367 1897 ἀληθείᾳ
1391 1814 1526 1887 antiqui·

352 1942 424 1988 ores
454 1932 532 1987 sunt
555 1942 654 2001 quam
679 1924 770 1998 ὅντως
793 1930 826 1988 et
849 1925 985 2009 ἀληθείᾳ.
1009 1929 1047 1987 In
1071 1928 1188 1988 Politia
1210 1927 1314 1989 semel
1337 1929 1370 1989 et
1393 1928 1525 2001 quadra·

352 2042 421 2113 gies
444 2050 482 2123 τῷ
506 2037 569 2101 ὄντι
590 2045 623 2101 et
642 2044 772 2102 tantum
790 2044 904 2103 novies
924 2038 1026 2118 ὄντας,
1045 2043 1323 2115 quinquiesdecies
1342 2051 1378 2125 ep
1398 2039 1527 2123 ἀληθείᾳ

351 2155 499 2214 occurrit
520 2151 659 2238 (ἀληθείᾳ
689 2171 752 2215 non
780 2156 965 2226 invonitur).
992 2188 1032 2199 -
1057 2156 1102 2216 De
1126 2156 1236 2216 dativo
1259 2156 1367 2217 lonico
1391 2154 1526 2215 αὐτοῖσιν

355 2269 500 2327 videatur
525 2266 557 2328 0.
582 2268 687 2329 Ritter
715 2269 1017 2342 (Untoreuohungen
1041 2269 1120 2329 uber
1143 2269 1245 2330 Plato.
1271 2269 1391 2343 stuttg.
1419 2268 1526 2343 1888),

353 2382 407 2453 qui
438 2381 511 2441 illas
540 2383 662 2443 formas
685 2383 718 2441 in
742 2398 785 2440 -σι
809 2384 967 2442 exeuntes
990 2383 1023 2442 in
1047 2382 1074 2440 V
1097 2382 1233 2455 dialogis
1257 2382 1423 2458 (Phaedro,
1446 2381 1527 2441 Poli-

353 2494 428 2569 tico,
458 2494 585 2569 Politia,
616 2496 711 2570 Tim,
728 2513 730 2517 ’
745 2496 852 2569 Legg.)
884 2497 1029 2570 repertas
1060 2510 1133 2555 esse
1165 2495 1282 2556 docuit.
1307 2494 1442 2555 Politiae
1464 2494 1530 2555 loci

354 2610 430 2667 sunt
448 2609 536 2670 hice:
560 2610 670 2684 34511,
692 2610 795 2670 388D
814 2613 993 2688 (σμικροῖσι),
1015 2610 1117 2670 389Β
1138 2614 1266 2686 (θεοῖσι),
1291 2610 1394 2671 4681)
1414 2606 1530 2680 (νώτοι-

351 2739 399 2780 σιν
424 2738 466 2782 ex
489 2722 607 2798 Hom),
634 2724 697 2783 560
721 2723 746 2783 Ε
770 2723 951 2802 (μεγάλοισι),
977 2724 1040 2783 564
1064 2722 1086 2782 0
1110 2721 1256 2798 (αὐτοῖσι),
1282 2724 1345 2783 607
1366 2722 1392 2781 Β
1416 2725 1530 2792 (κενεα-

350 2834 477 2913 γορίαισι
497 2851 538 2895 ex
558 2837 652 2909 poeta
672 2835 800 2910 aliquo).
821 2837 859 2896 In
883 2836 1062 2911 „Legibus”
1083 2836 1214 2896 dativus
1233 2836 1362 2897 Ionicus
1375 2835 1529 2908 frequens

351 2951 411 3010 est.
435 2950 472 3009 In
496 2949 631 3010 Potitios
655 2951 734 3010 locis
759 2950 976 3011 animadverti
1000 2950 1116 3022 ubique
1142 2950 1254 3022 (5640
1277 2950 1422 3022 excepto)
1443 2949 1528 3009 litta-

348 3079 419 3123 ram
452 3077 463 3121 ῑ
494 3066 552 3124 aut
582 3065 772 3138 praecedere
804 3065 862 3123 aut
889 3064 997 3137 sequi:
1024 3065 1088 3124 345
1110 3063 1135 3122 Ε
1160 3059 1225 3141 οὐχὶ
1248 3061 1393 3139 αὐτοῖσιν,
1415 3063 1529 3122 3881)

349 3174 396 3234 ἐπὶ
427 3181 575 3255 σμικροῖσι
608 3177 778 3254 παθήμασι,
810 3178 920 3239 389Β
952 3186 991 3259 τῷ
1023 3173 1085 3236 ὄντι
1112 3181 1220 3253 θεοῖσι,
1244 3176 1353 3238 5608
1377 3175 1530 3255 μεγάλοισι

348 3286 447 3349 τέλεσι.
480 3290 540 3366 Qui
571 3291 748 3367 euphoniae
780 3307 880 3351 causa
911 3290 1081 3351 Platonem
1114 3292 1161 3351 sic
1196 3291 1365 3364 scripsisse
1399 3291 1528 3365 putant,

351 3404 431 3462 milri
462 3401 640 3483 ἀγνοοῦντες
673 3405 777 3464 dicere
809 3405 968 3465 videntur.
1001 3405 1079 3464 Tres
1107 3408 1184 3464 sunt
1207 3419 1260 3464 res
1283 3404 1316 3464 in
1340 3405 1434 3464 textu
1458 3403 1529 3462 Pla·

349 3517 465 3590 ionico,
501 3531 583 3589 quae
619 3532 639 3576 a
671 3517 749 3577 viris
779 3507 887 3590 'doctis
921 3517 1064 3578 nondum
1100 3518 1182 3579 satis
1217 3517 1395 3591 explicatas
1431 3517 1527 3577 sunt:

350 3628 480 3688 dativus
503 3623 668 3700 Ionicus²l
691 3631 893 3703 (praesertim
918 3631 951 3690 in
974 3631 1206 3691 recentioribus
1230 3630 1365 3704 dialogis
1389 3629 1528 3703 obvius),

351 3741 455 3801 forma
486 3742 594 3803 Ionica
625 3740 682 3801 ιιιέὶ
714 3745 757 3814 (in
789 3745 939 3804 omnibus
967 3744 1120 3819 dialogis3
1145 3746 1178 3804 in
1202 3743 1383 3804 Phaedonis
1405 3758 1529 3817 papyro

350 3871 448 3929 saepe
472 3853 529 3914 αἰεὶ
553 3858 711 3933 occurrit),
736 3857 846 3918 littera
869 3859 884 3929 ξ
908 3859 941 3919 in
965 3858 1136 3933 praeposit.
1162 3859 1231 3929 ξυν-
1255 3857 1383 3930 (ubique
1403 3856 1527 3931 conspi-

348 3973 429 4039 cua).
464 3969 669 4044 Quamquam
700 3971 793 4031 Plato
824 3971 858 4031 in
889 3972 1107 4032 adolescentia
1138 3971 1319 4045 tragoedias
1356 3970 1528 4044 scripsisse

349 4083 461 4157 fertur,
486 4098 549 4143 non
573 4083 639 4143 illis
662 4086 775 4144 tamen
803 4085 937 4157 poeticis
961 4086 1078 4145 studiis
1102 4099 1201 4144 usum
1225 4084 1404 4144 formarum
1425 4083 1527 4157 epica-

353 4212 426 4256 rum
457 4199 490 4257 et
512 4197 696 4257 Ionicarum
717 4198 944 4272 imputandum
969 4213 1095 4271 censeo,
1120 4198 1177 4258 sed
1200 4198 1308 4272 potius
1332 4197 1427 4258 credo
1450 4211 1528 4256 eum

386 4512 406 4579 ¹)
423 4517 584 4576 Quamquam
611 4530 794 4576 nonnunquam
821 4514 871 4577 (ex.
898 4531 936 4576 gr.
958 4515 1045 4577 Lysid.
1071 4519 1118 4564 209
1134 4512 1167 4581 A)
1189 4521 1320 4576 ποιμαίνειν
1342 4515 1411 4565 idem
1434 4517 1474 4564 est
1495 4529 1527 4562 ac

352 4600 499 4658 θεραπεύειν,
516 4598 558 4644 hic
576 4611 636 4644 vero
654 4602 784 4656 ποιμαίνειν
802 4597 906 4657 proprio
924 4610 1001 4643 sensu
1019 4597 1205 4656 accipiendum.

383 4669 404 4733 2)
421 4675 452 4720 ln
470 4688 531 4723 voce
550 4681 663 4739 Ἀθήνῃσι
681 4677 761 4723 dativi
775 4676 857 4722 Ionici
873 4675 955 4722 forms
972 4677 1073 4722 mansit.
