3417 5175
727 341 731 347 ’
774 380 793 439 s

189 566 391 643 provenisse,
422 565 479 625 sed
509 566 610 626 etiam
634 581 676 625 ex
699 565 886 626 Aristotelis
910 566 1148 627 Platonicorum
1173 566 1366 640 scriptorum

190 679 372 753 exemplari
403 678 600 753 descriptum
628 694 701 739 esse
726 680 901 740 contendit.
927 679 1070 739 Priorem
1094 678 1276 753 opinionem
1300 680 1366 739 iam

102 822 107 826 ·
192 792 372 854 Schanzius
388 792 538 862 (Hermes
561 792 656 861 1881)
675 792 863 868 protulerat,
885 792 960 865 quia
980 791 1121 852 Galenus
1140 808 1175 852 se
1195 792 1366 854 Timaeum

191 907 227 966 in
260 909 425 987 Ἀττικιαοῷ
454 904 574 979 legisse
605 909 725 982 narrat,
761 920 819 979 ego
855 906 966 965 autem
998 920 1055 965 cur
1092 905 1272 979 improbem
1303 922 1367 968 non

190 1020 312 1093 habeo;
345 1018 447 1079 altera
477 1034 553 1078 vero
583 1033 647 1078 non
678 1021 801 1079 temere
828 1019 991 1093 probanda
1014 1020 1065 1079 eat
1088 1020 1122 1079 et
1143 1019 1251 1093 potius
1274 1019 1367 1080 oredo

191 1133 233 1203 (si
262 1132 371 1192 Attico
401 1145 515 1191 revera
545 1131 732 1191 Aristotelis
762 1131 974 1193 bibliothecae
1006 1132 1096 1205 copia
1126 1131 1198 1202 fuit)
1230 1132 1366 1192 Alexan·

189 1246 318 1306 drinam
342 1244 517 1305 editionem
540 1244 755 1317 Tyrannionis
779 1260 876 1318 opera
896 1260 938 1304 ex
957 1245 1144 1305 Aristotelis
1163 1246 1365 1321 apographis,

188 1374 273 1433 quae
293 1358 363 1417 sine
383 1357 477 1417 dubio
498 1356 629 1423 madore
648 1372 711 1416 non
733 1358 842 1417 minus
862 1360 1013 1433 corrupta
1033 1361 1125 1419 erant
1145 1373 1243 1432 quam
1263 1358 1366 1431 ipsius

189 1472 364 1545 Stagirites
386 1471 517 1545 scripta,
541 1472 719 1531 correctam
746 1473 877 1531 tantum
901 1487 974 1531 esse
1000 1474 1206 1545 veteremque
1230 1471 1365 1532 Politiae

187 1588 223 1646 in
254 1585 285 1644 X
315 1585 414 1645 libros
447 1583 650 1660 divisionem,
682 1599 745 1657 qua
775 1585 962 1646 Aristotelis
994 1587 1177 1661 apographa
1210 1586 1366 1645 nimirum

191 1700 354 1775 carebant,
378 1698 418 1758 ab
441 1697 550 1757 Attico
571 1697 730 1757 intactam
753 1698 902 1759 relictam
926 1714 1008 1760 esse.

174 1877 179 1883 ,
237 1816 275 1874 Ιο
305 1813 427 1873 maiore
455 1811 603 1872 codicum
626 1813 716 1885 parts
740 1812 860 1886 singuli
882 1812 955 1873 libri
978 1812 1060 1893 λόγοι
1083 1816 1240 1875 vocantur
1262 1828 1366 1887 neque

191 1928 287 1989 aliter
308 1927 341 1986 in
366 1925 504 1986 editione
526 1924 659 1985 Aldina:
685 1927 847 1984 Πολιτειῶν
871 1934 993 2005 πρῶτος.
1014 1928 1058 1987 At
1078 1928 1111 1986 in
1131 1927 1265 2000 reliquis
1284 1926 1364 1987 codi-

189 2043 281 2104 cibus
302 2041 443 2114 legimus
466 2041 523 2100 aut
543 2038 704 2110 Πλάτωνος
723 2043 877 2100 πολιτειῶν
901 2026 931 2099 ἦ
953 2043 1010 2101 aut
1029 2040 1190 2110 Πλάτωνος
1210 2031 1365 2100 πολιτειῶν

189 2154 301 2234 πρώτη,
327 2154 368 2213 ad
392 2154 476 2227 quod
503 2151 604 2231 πρώτη
626 2155 738 2213 utrum
762 2152 864 2232 βίβλος
889 2170 930 2215 an
953 2153 1083 2215 πολιτεία
1107 2155 1364 2215 subaudiendum

189 2270 235 2330 sit
264 2266 386 2340 ambigi
416 2267 533 2340 potest.
566 2265 673 2326 (lodex
704 2266 871 2327 Parisinus
901 2269 930 2327 A
961 2268 1203 2342 inscriptionem
1234 2268 1365 2329 exhibet

189 2386 327 2444 hancce:
361 2382 520 2439 libraretur.
551 2365 592 2455 Ji,
622 2380 676 2452 qui
712 2394 868 2440 numerus
898 2381 1020 2441 indicat
1052 2382 1195 2455 primum
1230 2382 1365 2443 Politiae

189 2499 310 2560 librum
352 2510 425 2556 esse
463 2492 628 2567 dialogum
662 2493 870 2566 trigesimum
899 2495 1002 2555 totius
1035 2496 1176 2569 corporis
1210 2494 1364 2573 (σώματος)

191 2612 336 2674 Platonis
360 2609 565 2684 scriptorum,
589 2622 754 2681 quumque
776 2608 812 2667 in
834 2610 999 2670 nonnullis
1022 2610 1185 2671 codicibus
1207 2611 1241 2670 in
1264 2610 1366 2672 liene·

189 2726 268 2788 xeni
290 2724 354 2785 fine
377 2722 475 2783 verba
497 2717 577 2790 τέλος
601 2727 654 2779 τοῦ
677 2719 796 2799 πρώτου
816 2721 934 2800 βιβλίου
954 2724 1165 2799 reperiantur,
1185 2724 1264 2785 illud
1284 2731 1368 2802 σῶμα

190 2843 224 2901 in
256 2840 318 2899 duo
348 2834 457 2913 τόμους
491 2834 633 2894 divisum
668 2834 769 2894 fuisse
800 2835 980 2898 manifesto
1004 2838 1103 2911 patet.
1137 2839 1175 2897 in
1205 2838 1327 2899 Veneto
1359 2837 1369 2898 l

192 2952 338 3029 (append.
363 2952 392 3010 l.-
411 2950 442 3018 4)
464 2947 616 3008 similiter
628 2950 756 3022 praeter
769 2949 868 3008 verba
880 2949 1034 3020 Πολιτείας
1048 2964 1066 3008 u
1079 2951 1197 3024 legitur
1208 2951 1318 3010 littera
1330 2954 1369 3008 A.
