3417 5175
753 386 794 444 57

184 566 319 647 στρεπτοὶ
342 570 561 644 superscripta
579 570 695 630 luerat
720 604 761 613 -
781 570 867 644 Lege
886 568 1074 649 παράγεσθαι
1096 568 1362 649 [ἀναπειθόμενοι]Ι

184 683 336 758 Suspicor
358 683 501 757 aliquem
524 684 736 759 interpretem
760 682 982 743 ἀνατείνεσθαι
1002 685 1035 744 in
1056 700 1121 757 mg.
1142 685 1363 760 adscripsisse,

183 797 269 870 quod
304 797 419 857 deinde
453 796 487 855 in
516 798 646 857 textum
678 799 808 858 devenit
840 801 874 867 et
903 798 943 858 ad
975 798 1154 858 orationem
1187 814 1363 859 accommo-

185 911 301 971 datum
324 912 385 971 est.
904 984 906 989 Ι

44 1025 103 1083 366
127 1018 159 1085 Α
231 1024 291 1084 Pro
322 1022 416 1099 μόνον
447 1025 541 1097 (quod
572 1024 643 1085 Par.
676 1026 704 1085 Α
728 1030 805 1096 om.)
829 1025 975 1086 Muretus
999 1026 1220 1101 (probantibus
1246 1027 1364 1088 Oobeto

185 1138 249 1198 bln.
288 1138 372 1197 1862
408 1140 441 1198 et
476 1121 633 1212 campos·
650 1139 689 1199 ci.
722 1134 785 1215 μὲν,
815 1140 947 1213 optime.
973 1138 1046 1199 Mox
1070 1139 1227 1199 Richards
1251 1140 1364 1210 (Oiass.

185 1251 265 1311 Rev.
301 1251 396 1321 1893)
427 1253 627 1326 transposuit
657 1248 861 1330 κερδανοῦμέν
891 1273 920 1311 τε
949 1250 1178 1330 ὑπερβαίνοντες
1201 1250 1251 1312 καὶ
1276 1249 1364 1331 ἁμαρ,

184 1364 236 1425 ιιαλ
258 1364 425 1443 λισσόμενοι
447 1364 603 1437 πείθοντες
626 1369 684 1425 ιιτλ.
705 1366 782 1426 Mihi
802 1367 893 1427 locus
911 1367 1130 1457 interpolatus,
1145 1382 1216 1428 esse
1239 1367 1365 1427 videtur

185 1482 221 1540 et
248 1480 384 1541 delenda
414 1496 530 1542 censeo
561 1482 659 1542 verba
689 1485 718 1552 (ο
746 1482 811 1542 364
834 1482 859 1541 E
882 1482 1030 1554 repetita)
1054 1480 1220 1558 λισσόμενοι
1234 1526 1366 1542 .......
1392 1471 1394 1475 ’

186 1590 415 1672 ἁμαρτάνοντες,
438 1594 522 1667 quod
546 1595 617 1669 ipsa
636 1602 694 1653 τῶν
714 1591 827 1654 άδλααν
847 1597 964 1655 natura
984 1594 1047 1655 fert
1068 1597 1105 1654 ut
1117 1596 1258 1669 peccent.
1273 1593 1366 1656 certe

188 1710 287 1769 verba
320 1706 423 1785 οπερβ.
457 1704 509 1767 ιιαλ
539 1703 756 1786 ἁμαρτάνοντες
782 1709 899 1782 νοριιτλο
930 1710 1016 1768 sunt.
1049 1707 1148 1769 Paulo
1172 1710 1246 1783 post
1268 1710 1367 1770 verba

186 1821 277 1898 φήσει
307 1821 492 1901 λογιζόμενος
522 1824 762 1897 transponenda
793 1824 871 1882 sunt
901 1824 974 1897 post
1005 1819 1078 1881 ἀλλὰ
1108 1821 1172 1901 γάρ.
1195 1822 1258 1882 Ubi
1281 1839 1367 1884 nunc

186 1936 349 2011 leguntur,
381 1936 456 1996 ferri
487 1939 661 2015 nequeunt,
690 1938 773 2011 quod
797 1937 910 1998 Herm.
934 1937 1079 2025 sentiens
1102 1937 1282 1997 coniecerat
1305 1930 1362 1995 ἀλλ’

187 2045 394 2127 ὠφελήσουσιν
428 2047 639 2129 ἁγνιζομένους
674 2050 708 2110 αἱ
739 2048 848 2110 τελεταὶ
879 2053 928 2109 κτλ
960 2049 1103 2121 (omissis
1134 2064 1210 2109 cum
1241 2050 1313 2111 Par.
1338 2051 1366 2110 Α

188 2166 297 2226 verbis
320 2156 359 2225 αὖ
379 2162 452 2244 μέγα
474 2164 641 2243 όόνανιαι),
662 2167 746 2239 quod
766 2165 856 2226 solus
878 2164 1036 2225 Scbmelz.
1057 2164 1214 2239 probavit.
1228 2164 1366 2224 Paulum

187 2279 284 2339 aliter
307 2279 347 2341 Μ.
372 2280 572 2341 Vermebren
596 2278 691 2358 (Plat.
721 2280 811 2341 Stud.
839 2276 936 2357 1870)
960 2279 999 2339 ci.
1024 2271 1081 2337 ἀλλ’
1106 2274 1312 2355 ὠφελήσουσιν
1330 2277 1370 2337 αι’

187 2391 378 2469 νομιζόμεναι
408 2390 516 2453 τελεταὶ
547 2397 605 2452 κτλ.
638 2393 710 2453 Mea
739 2393 990 2468 transpositione
1021 2407 1136 2453 omnes
1158 2391 1368 2453 difficultates

188 2508 397 2582 evanescunt,
418 2521 557 2580 quarum
576 2507 724 2567 maxima
743 2508 823 2567 baec
839 2508 891 2567 est
904 2508 940 2566 ut
952 2506 1131 2569 iniustitiae
1144 2505 1365 2573 defensionem

188 2620 385 2682 Adimantus
410 2621 466 2681 alii
488 2622 606 2683 badat.
631 2622 737 2683 Verba
760 2612 799 2680 αὖ
824 2619 898 2700 με’γα
922 2621 1067 2682 δύνανται
1089 2621 1122 2680 in
1147 2621 1218 2681 Par.
1240 2621 1268 2680 Α
1288 2635 1366 2680 casu

189 2734 349 2794 excidisse
372 2735 473 2796 etiam
497 2735 656 2810 Madvigio
681 2736 753 2796 visa
775 2737 863 2796 sunt.
886 2769 925 2778 -
948 2735 1048 2796 Paulo
1068 2736 1144 2795 ante
1164 2734 1274 2794 Baiter
1292 2733 1366 2794 dub.

189 2847 228 2908 ci.
253 2844 273 2926 λ)
296 2846 380 2908 αὐτοὶ
407 2845 463 2927 <ll
482 2850 622 2921 παῖδες)
647 2846 665 2927 ἢ
684 2849 788 2920 παῖδες
800 2849 928 2925 παίδων,
945 2849 1041 2925 male,
1055 2864 1133 2908 nam
1147 2849 1252 2909 verbis
1264 2848 1367 2920 παῖδες

188 2959 305 3020 παίδων
328 2963 487 3037 „posteri”
501 2963 532 3033 (i.
546 2978 574 3024 e.
587 2964 689 3034 liberi,
702 2966 845 3039 nepotes,
860 2966 921 3033 etc)
934 2963 1133 3037 indicantur;
1156 2977 1228 3022 curn
1242 2963 1270 3022 N
1271 2962 1366 3023 abero

135 3075 166 3140 B
190 3072 266 3153 (bin.
291 3074 387 3155 1873)
408 3080 519 3139 autem
538 3080 698 3140 scribatur
717 3076 768 3139 ναὶ
787 3076 873 3139 αὐτοὶ
893 3075 941 3137 καὶ
964 3077 1067 3148 παῖδες
1080 3098 1109 3135 ιτ.
1122 3080 1180 3135 κτλ.
1199 3069 1218 3156 ΙΙ
1240 3076 1367 3148 Madvig

189 3186 357 3264 (probante
391 3188 487 3269 Bait.)
520 3193 641 3254 delevit
671 3195 745 3268 post
775 3191 930 3271 γενόμενοι
961 3206 1139 3266 pronomen
1162 3188 1200 3264 οἵ,
1224 3189 1365 3264 optime;

188 3305 449 3368 emendationem
485 3306 632 3380 perficies
663 3308 691 3368 si
724 3322 853 3367 mecum
885 3306 1052 3367 induxeris
1083 3304 1182 3366 verba
1203 3311 1261 3362 τῶν
1285 3306 1367 3360 θεῶν

187 3417 352 3499 γενόμενοι,
382 3420 466 3493 quod
496 3422 567 3480 tam
598 3418 718 3497 ποιηταὶ
742 3436 840 3494 quam
864 3427 1016 3498 προφῆται
1040 3419 1173 3479 deorum
1197 3416 1255 3478 filii
1279 3418 1366 3478 sunt.

188 3535 367 3607 Postquam
391 3533 447 3593 illa
470 3535 534 3594 tria
557 3536 655 3594 verba
678 3535 711 3594 in
734 3534 1093 3609 textumirrepserant,
1114 3534 1280 3607 postrema
1299 3545 1365 3605 par·

190 3646 291 3720 ticipii
313 3646 440 3721 syllaba
459 3648 625 3722 geminata
645 3650 705 3709 est.
727 3683 768 3691 —
789 3649 868 3709 Post
886 3663 988 3724 pauca
1008 3647 1231 3721 corrigendum
1252 3661 1368 3706 censeo

192 3765 316 3838 <τῆς>
354 3760 498 3840 μεγίστης.
534 3762 608 3822 Mox
643 3762 755 3823 malim
788 3759 827 3834 ὡς
859 3759 874 3822 ὃ
910 3760 1041 3831 <ὑπὸ>
1068 3769 1127 3820 τῶν
1150 3764 1267 3820 πολλῶν
1292 3763 1367 3835 κτλ.;

188 3875 303 3949 quodsi
338 3875 531 3950 praepositio
562 3876 726 3936 omittitur
755 3877 795 3938 ad
824 3875 979 3956 λεγόμενος
1010 3890 1125 3951 parum
1157 3876 1294 3935 venuste
1317 3866 1364 3932 ὑπ’

126 3994 165 4062 0
187 3985 261 4065 ἐμοῦ
292 3989 507 4065 supplendum
539 3990 610 4050 erit.
635 3980 655 4073 ΙΙ
679 3991 765 4050 Astii
780 3983 803 4068 ¹)
835 3993 896 4051 cam
917 3989 947 4049 ελ
969 4011 1011 4061 τις
1044 3986 1165 4062 <ιιαλ>
1201 3986 1256 4065 ἔχει
1284 3983 1369 4061 (post

188 4100 250 4163 τλθ
266 4102 421 4164 facillime
439 4104 527 4165 vocis
547 4100 597 4162 καὶ
617 4105 843 4179 compendium
864 4105 897 4164 in
917 4104 1077 4178 scriptura
1088 4101 1208 4163 unciali
1221 4101 1368 4162 excidere
1425 4139 1428 4150 .

189 4214 306 4295 poluit)
342 4217 539 4290 probandam
575 4233 701 4294 censeo,
734 4219 816 4292 quod
849 4217 880 4276 εἴ
907 4239 949 4288 τις
980 4215 1036 4296 ἔχει
1064 4233 1178 4292 parum
1211 4213 1318 4275 differt
1349 4229 1370 4273 a

136 4337 166 4401 Ι)
192 4331 427 4406 „quicunque”
460 4330 511 4391 Sic
543 4334 634 4393 verto
668 4333 738 4408 „Ita
768 4333 829 4427 ut,¹
847 4332 923 4392 licet
946 4319 1070 4405 ‘aliquis
1094 4331 1177 4390 etc.’'
1203 4320 1222 4412 ΙΙ
1248 4330 1368 4389 Parum

187 4446 276 4506 recte
307 4445 419 4505 Stallb.
453 4447 485 4506 et
515 4445 598 4506 Bait.
630 4445 884 4520 imprimendum
909 4447 1063 4507 curarunt
1087 4443 1130 4503 ότι
1146 4433 1194 4502 Ὦ
1217 4442 1369 4520 θαυμάσιε

201 4597 335 4604 ——-.
340 4595 418 4603 -..α

223 4688 243 4751 ¹]
261 4692 375 4740 Ooniecst
392 4696 526 4752 praeterea
544 4694 580 4740 κοί
594 4707 628 4747 τις
644 4693 693 4754 lgna
711 4697 757 4739 κτλ.
