3417 5175
896 394 935 451 14

324 583 443 643 animis
478 584 642 645 obversari
676 586 714 644 ut
748 584 809 643 sibi
844 584 911 643 iam
951 583 1038 657 ipsos
1073 582 1145 643 Orci
1180 585 1320 643 terrores
1356 584 1499 659 aspicere

325 697 503 757 videantur.
530 731 569 740 —
595 698 655 757 Pro
675 693 815 773 ἠδίκηκεν
843 696 938 756 multi
964 696 1052 757 codd.
1076 699 1118 768 (et
1139 698 1210 759 Par.
1235 689 1298 768 ΑΗ)
1323 714 1388 759 aor.
1412 715 1499 775 prae-

327 813 412 889 bent,
444 812 491 871 ita
518 813 552 871 et
581 811 728 871 Iustinus
758 810 850 871 Mart.
884 812 1075 886 propterque
1101 813 1297 885 praecedens
1325 809 1501 889 (1))ο1δινιή-

327 941 419 983 σαντα
450 925 483 985 et
513 939 652 997 sequens
678 925 751 994 1331
779 924 815 994 Β)
839 921 1019 1001 ἐξαπατῆσαι
1042 924 1224 998 recipienda
1248 926 1327 985 mihi
1352 941 1390 986 ea
1413 927 1449 987 V.
1463 927 1497 988 L.

326 1035 488 1115 (ἠδίκησεν)
513 1038 648 1098 videtur.

180 1154 243 1213 331
274 1146 304 1213 Α
371 1153 470 1213 Recte
501 1153 572 1212 Ast.
604 1151 703 1212 Belrlr.
729 1151 840 1212 Herm.
866 1151 987 1213 Wohlr.
1013 1153 1141 1213 Pindari
1167 1153 1264 1212 verba
1287 1153 1319 1212 in
1346 1170 1499 1214 versuum

325 1266 464 1326 formam
496 1267 697 1339 redegerunt.
722 1267 781 1342 Ap.
807 1266 982 1327 Christium
1011 1269 1062 1327 est
1088 1266 1203 1339 fragm.
1230 1267 1270 1325 17
1297 1266 1426 1345 (γλυκεῖά
1448 1268 1500 1326 δον

325 1383 404 1450 ανδ).
436 1380 535 1441 Paulo
561 1381 635 1455 post
659 1380 758 1439 verba
780 1370 813 1438 εὖ
838 1371 894 1438 οὖν
918 1376 1002 1457 λέγει,
1025 1383 1206 1456 θαυμαστῶς
1233 1375 1272 1450 ὡς
1296 1378 1413 1459 σφόδρα
1436 1395 1500 1441 non

325 1492 462 1568 Cephalo
493 1493 663 1554 tribuenda
693 1509 765 1553 esse
797 1509 881 1553 unus
913 1495 975 1553 Ast
1001 1494 1167 1568 perspexit
1190 1493 1340 1566 deditque
1364 1494 1497 1555 Socrati.

323 1608 401 1678 Post
425 1606 555 1681 cephali
575 1607 696 1667 dictum
717 1604 874 1684 χαριέντως
893 1607 948 1685 γάρ
974 1627 1017 1666 ror
1042 1600 1122 1666 εἶπεν
1149 1607 1268 1668 misere
1290 1608 1499 1683 languebunt,

324 1721 351 1779 si
377 1719 514 1793 Cephalo
537 1720 672 1795 dederis»,
705 1722 740 1779 at
771 1735 835 1779 non
861 1720 967 1794 magis
991 1720 1133 1781 Socratis
1157 1736 1229 1781 esse
1253 1723 1400 1796 possunt,
1421 1722 1500 1795 quia

324 1837 395 1893 tum
419 1833 512 1893 Plato
541 1824 579 1909 ἣν
604 1827 631 1891 δ’
659 1830 715 1911 ἐγὼ
740 1836 773 1893 et
796 1834 828 1893 in
855 1833 1066 1907 sequentibus
1090 1831 1147 1909 ἔφη
1172 1834 1364 1894 inseruisset
1388 1829 1418 1904 ¹).
1443 1835 1502 1894 Est

324 1950 402 2007 nota
436 1946 635 2021 marginalis,
671 1962 753 2020 quae
787 1948 820 2006 in
855 1947 985 2006 textum
1021 1947 1159 2021 irrepsit.
1198 1948 1330 2008 Praeter
1361 1948 1502 2009 usitatas

326 2078 421 2124 voces
444 2057 565 2140 ὡραῖον,
588 2058 713 2137 ἀστεῖον,
736 2060 871 2139 χρηστόν,
890 2065 995 2137 καλῶς,
1014 2060 1161 2138 κάλλιστα,
1183 2056 1292 2140 ὀρθῶς,
1313 2078 1394 2136 quas
1407 2064 1499 2124 lecto-

323 2191 375 2235 res
406 2175 439 2234 in
470 2175 616 2235 codicum
648 2176 848 2247 marginibus
881 2176 1062 2236 adscribere
1086 2175 1244 2251 solebant,
1269 2191 1501 2251 nonnunquam

322 2288 483 2361 longiores
513 2288 672 2361 quasdam
704 2290 931 2350 annotationes
963 2304 1128 2351 occurrere
1162 2293 1195 2351 et
1226 2291 1280 2350 alii
1305 2292 1337 2351 et
1363 2290 1501 2351 dobetus

323 2402 441 2477 docuit,
467 2401 557 2462 velut
580 2399 691 2480 ὡραῖον
715 2397 749 2461 δι’
776 2400 847 2461 ὅλου
873 2402 990 2480 χωρίον,
1014 2400 1124 2480 ὡραῖον
1148 2400 1224 2483 όγαν
1248 2401 1280 2462 τὸ
1304 2404 1423 2481 χωρίον,
1445 2402 1501 2461 πό-

324 2531 384 2593 σχει
418 2512 453 2572 τὰ
488 2514 586 2574 δίκαια
622 2520 682 2590 (ap.
715 2516 863 2593 Alciph.),
897 2514 975 2588 ὅπως
1008 2513 1218 2596 ἀναμφιλόγως
1251 2514 1296 2576 ἀεὶ
1326 2514 1502 2598 ἀνδράποδα

326 2628 485 2688 διατελοῖεν
508 2630 632 2704 (Oyrop.
658 2631 688 2690 8.
706 2633 732 2691 1.
746 2633 799 2700 441
822 2632 899 2691 irati
922 2631 1053 2692 lectoris
1073 2631 1269 2693 exclamatio
1289 2634 1350 2708 est,
1372 2641 1429 2708 φεῦ
1450 2640 1501 2709 τῆς

326 2739 475 2819 dipodius!
497 2741 548 2801 τόν
568 2740 700 2819 ἀδελφὸν
721 2740 760 2816 ὡς
781 2741 943 2821 ἀνάθημαδ
966 2745 1034 2817 (Dio
1056 2744 1168 2820 Chrys.
1189 2747 1229 2806 ΙΙ.
1244 2762 1273 2821 p.
1291 2747 1352 2806 123
1369 2746 1501 2821 Belem,

326 2853 410 2928 δξιον
432 2854 464 2915 τὸ
489 2855 637 2933 διανόημα
661 2858 749 2933 (Rep.
771 2860 835 2918 504
855 2858 890 2928 Ε)
915 2859 987 2933 etc,
1011 2858 1096 2918 inter
1116 2873 1197 2932 quas
1219 2861 1252 2918 et
1274 2830 1384 2918 nostra
1404 2859 1503 2918 verba

272 2968 302 3031 B
325 2971 492 3032 referenda
515 2973 601 3032 sunt.
627 2963 647 3055 ΙΙ
671 2972 831 3047 Bromius,
855 2972 926 3031 Ast.
953 2972 1064 3032 Stallb.
1089 2973 1197 3042 (1858)
1219 2988 1293 3031 cum
1314 2972 1407 3032 Stob0
1428 2973 1501 3031 scri·

324 3084 405 3144 bunt
435 3081 507 3143 dltb
538 3081 569 3143 ἵν
599 3079 622 3163 γ’
659 3080 725 3144 ἀνθ’
761 3083 826 3156 ivos
862 3101 918 3159 pro
949 3082 1022 3144 ἄλλό
1052 3106 1084 3163 γε
1111 3084 1147 3143 ἲν
1171 3079 1240 3144 ἀνθ’
1266 3082 1342 3160 ἕνας,
1364 3085 1448 3158 quod
1470 3106 1502 3162 γε

324 3200 397 3272 post
420 3195 492 3257 ἀλλὰ
516 3199 605 3259 nullo
629 3201 726 3259 verbo
748 3200 939 3272 interposito
963 3199 1054 3272 sequi
1075 3199 1224 3271 nequeat.
1246 3198 1322 3258 Mihi
1342 3199 1501 3272 particula

322 3334 363 3390 γε,
395 3313 446 3372 cui
477 3312 586 3372 nullus
616 3314 669 3372 hic
700 3312 800 3387 locus,
832 3312 974 3372 insiticia
1004 3311 1140 3371 videtur.
1165 3307 1235 3370 lam
1260 3301 1383 3372 incerta
1408 3312 1502 3371 sedes

324 3425 581 3499 interpolationis
605 3426 770 3486 indicium.
796 3425 878 3484 Voc⁰
899 3422 1047 3502 ἐλάχιστον
1071 3424 1298 3484 adverbialiter
1318 3424 1409 3485 Plato
1422 3439 1502 3484 usus

324 3541 375 3598 est
406 3554 509 3611 neque
541 3539 635 3599 aliter
665 3555 714 3613 ap.
748 3539 901 3612 Tragicos
924 3540 957 3598 et
986 3537 1155 3598 Platonem
1180 3539 1287 3612 ipsum
1314 3541 1353 3612 (p.
1379 3539 1443 3598 453
1468 3536 1502 3607 G)

324 3667 555 3724 nonnunquam
589 3656 724 3710 πλεῖστον
759 3651 939 3712 adhibetur.
970 3651 1087 3712 Contra
1119 3653 1182 3710 417
1217 3652 1242 3711 Β
1274 3665 1377 3725 comp.
1413 3649 1502 3708 πλείω

326 3781 382 3840 pro
405 3769 516 3841 polteo
540 3768 574 3825 et
594 3767 657 3826 396
670 3766 706 3841 D,
731 3766 825 3838 Gorg.
851 3767 914 3826 512
939 3767 964 3825 B
985 3763 1089 3824 ἐλάινον
1110 3780 1167 3839 pro
1191 3754 1278 3840 ἧττον
1297 3765 1440 3824 obvium.
1463 3764 1501 3823 In

290 3940 293 3944 ,
325 3880 536 3953 sequentibus
571 3879 723 3940 Liebhold
757 3879 874 3948 (Fleck.
906 3881 975 3940 Jbb.
1013 3879 1097 3939 1888
1129 3878 1179 3938 bd.
1215 3879 1287 3948 131)
1323 3878 1369 3940 sic
1406 3877 1503 3937 verba

325 3977 563 4067 transponenda
590 3995 717 4054 censet:
742 3995 778 4064 (B
801 3993 872 4064 ult.)
897 4039 987 4052 ......
999 3990 1219 4071 χρησιμώτατον
1252 3983 1336 4049 εἶναι.
1361 3990 1397 4061 (D
1420 3991 1502 4059 init.)

328 4105 394 4167 Soc.
420 4102 530 4185 ὀρθῶς,
552 4105 729 4184 ἔφη<ν>,
752 4103 850 4185 λέγεις.
878 4105 965 4182 Ceph.
991 4106 1038 4176 (D)
1063 4103 1119 4164 οόιι
1143 4101 1200 4182 dou
1224 4095 1320 4178 οὗτος,
1348 4101 1504 4180 (ion),

325 4219 393 4299 ὅρος
407 4267 495 4280 ......
508 4220 688 4281 ἀποδιδόναι
711 4222 813 4295 <;>
849 4219 935 4280 Soti.
967 4211 1004 4289 (B
1027 4218 1097 4288 ult.)
1129 4216 1296 4296 παγκάλως,
1327 4209 1364 4294 ἦν
1390 4211 1418 4274 δ’
1446 4213 1505 4306 ἐγώ,

358 4453 377 4517 ¹)
394 4457 425 4502 In
450 4457 565 4515 διαλόγοις
590 4456 762 4515 διηγηματικῶς
784 4454 918 4500 interiecto
943 4452 987 4498 illa
1014 4447 1040 4511 ἦν
1058 4451 1083 4497 δ’
1105 4454 1155 4510 ἐγώ,
1180 4440 1224 4512 διγη
1242 4453 1290 4497 eto.
1309 4449 1392 4496 omitti
1410 4448 1503 4510 solent,

325 4549 404 4597 quum
428 4536 581 4596 disceptatio
605 4536 727 4582 brevibus
753 4532 996 4591 interrogationibus
1021 4545 1052 4576 so
1079 4531 1209 4590 responsis
1232 4530 1306 4589 qussi
1330 4528 1431 4574 concisa
1455 4530 1503 4574 est.
1583 4577 1586 4580 ,

324 4615 380 4662 Vid.
399 4630 436 4662 er.
456 4631 493 4675 gr.
512 4619 560 4663 883
578 4617 638 4668 DE,
659 4616 706 4662 338
724 4615 784 4660 ΑΒ.
807 4613 937 4659 Particuls
955 4607 995 4658 οὖν
1015 4613 1149 4671 praetereo
1166 4611 1285 4671 prohibet
1303 4609 1440 4667 quominus
1458 4606 1504 4652 illa

324 4697 402 4744 verbo
420 4697 518 4743 Socrati
536 4695 688 4741 tribuamus.
707 4694 826 4740 Socrates
842 4692 909 4737 enim
927 4691 1033 4736 dixisset
1051 4685 1075 4735 εδ
1092 4692 1134 4750 μὲν
1152 4686 1191 4736 οὖν
1207 4693 1254 4736 etc.
