3417 5175
768 374 810 434 35

196 555 247 617 καί
276 560 382 619 ποίύν.
407 560 558 621 Fortasse
581 548 685 622 forma
708 560 827 639 ἅδρονν
852 563 978 624 Platoni
1001 581 1065 625 non
1088 566 1306 640 abjudicanda.
1330 602 1370 613 -

197 672 272 733 Mox
294 672 401 733 Nabar
424 673 558 742 (Oomm.
583 674 664 735 Plat.
693 675 787 746 1862)
811 677 850 737 ei.
873 668 896 736 ὦ
920 677 1054 754 δαιμόνιε
1076 680 1289 759 [Θρασύμαχε],
1309 700 1373 744 non

196 787 283 847 reete
311 788 399 863 puto,
431 788 507 860 quia
528 790 604 862 post
626 790 789 849 vocatieos
811 782 835 849 ὦ
859 790 935 867 φίλε,
958 792 1091 873 μακάριε,
1114 793 1258 871 δαιμόνιε,
1281 797 1373 868 alios,

195 901 329 961 nomina
357 903 485 976 propria
515 903 647 964 ferenda
676 906 763 978 sunt,
795 906 824 963 si
853 907 912 965 aut
938 907 970 966 in
994 907 1086 967 initio
1110 911 1270 987 sermonis
1293 912 1374 979 (sive

196 1014 339 1087 primum
359 1016 478 1090 incepti
497 1017 567 1076 sive
587 1018 750 1090 integrati)
770 1018 873 1077 autin
885 1016 949 1078 fine
961 1024 1133 1093 ponuntur.
1146 1021 1192 1082 De
1205 1024 1375 1097 adjectivis

197 1129 383 1189 nominibus
416 1130 553 1204 propriis
582 1131 773 1203 praemissis
805 1131 877 1191 vide
910 1132 1044 1193 Sebanz.
1069 1134 1101 1192 in
1129 1135 1320 1209 „Festgruss
1343 1138 1373 1198 d.

199 1241 279 1301 Phil.
304 1242 341 1302 G.
366 1258 393 1303 z.
419 1242 549 1302 Wilrzb.
577 1243 682 1303 1868”
707 1259 736 1317 p.
765 1246 827 1323 106
851 1260 921 1318 sqq.
941 1246 1021 1306 Vide
1041 1249 1208 1319 praeterea
1229 1249 1315 1309 diota
1334 1232 1374 1310 ad

147 1348 264 1415 10354
287 1355 325 1416 Α.
351 1347 371 1438 ΙΙ
396 1356 525 1418 clarem
555 1357 660 1417 Groen
690 1373 735 1416 v.
752 1358 934 1419 Prinsterer
963 1359 1104 1434 (Prosop.
1137 1361 1272 1432 Platon.)
1301 1366 1375 1436 post

197 1464 292 1539 ι’ίίίος
326 1467 401 1547 ἔχειν
430 1471 561 1543 signum
592 1472 810 1545 interrogandi
839 1475 1013 1546 ponentem
1045 1478 1132 1535 recte
1165 1476 1268 1535 secuti
1299 1478 1376 1535 sunt

198 1582 310 1643 Stallb.
336 1583 456 1654 (1858).
484 1584 596 1644 Herm.
621 1585 703 1645 Bait.
729 1584 852 1646 Woblr.
878 1590 950 1657 (non
976 1586 1108 1662 Gampb.
1133 1604 1192 1649 nec
1216 1589 1373 1659 Schneid).

197 1696 416 1771 Gampbellius
447 1698 616 1770 vulgatam
646 1699 694 1759 sic
723 1699 957 1773 interpretatus
985 1701 1120 1775 „Ubere
1143 1702 1172 1761 is
1194 1718 1236 1763 no
1259 1718 1318 1762 use
1342 1703 1376 1762 in

197 1826 254 1883 my
288 1803 480 1884 remaining]
517 1811 566 1870 ior
598 1811 614 1869 Ι
648 1826 703 1871 am
737 1811 772 1870 of
799 1826 819 1871 a
851 1812 1009 1888 different
1032 1814 1160 1887 opinion
1191 1814 1289 1874 about
1320 1816 1376 1874 the

197 1926 319 1985 matter
348 1924 380 1995 (i.
412 1941 439 1984 e.
472 1926 570 1984 about
597 1925 653 1984 the
676 1926 791 1985 nature
815 1925 878 1985 and
902 1924 1146 1999 profitableness
1171 1927 1206 1986 oi
1221 1927 1374 2000 justioel”

197 2036 370 2097 mirificam
407 2038 473 2098 vim
509 2038 663 2098 vocabulo
693 2037 777 2097 ιοννί
804 2038 927 2098 tribuit.
962 2038 1098 2099 Groenio
1121 2041 1154 2098 et
1179 2039 1214 2100 0.
1239 2039 1376 2113 Apeltus

196 2150 355 2221 (Weimar
385 2150 479 2223 (lym.
507 2151 649 2211 Jbrsber.
685 2151 779 2221 1880)
812 2152 1102 2226 obtemperandum
1134 2168 1207 2214 esse
1238 2153 1374 2228 censuit,

196 2264 348 2325 inutilem
368 2263 467 2324 simul
487 2266 706 2325 coniecturam
726 2279 879 2339 promens
898 2258 979 2343 ἔγωγ’
995 2257 1037 2343 ἆρ’
1056 2280 1113 2339 pro
1126 2262 1181 2344 ἐγὼ
1193 2262 1249 2344 γὰρ
1261 2269 1319 2324 κκί.
1333 2298 1374 2307 -

196 2378 259 2438 Pro
293 2374 376 2437 οίιινι
410 2378 477 2438 iere
508 2393 622 2439 omnes
654 2380 743 2439 codd.
775 2380 820 2449 (et
850 2393 965 2438 omnes
995 2379 1098 2449 editt.)
1121 2376 1186 2457 ἥκοι
1209 2382 1373 2455 praebent,

197 2493 330 2568 optime,
362 2493 538 2553 dummodo
569 2509 644 2554 cum
675 2494 788 2554 eodem
816 2493 953 2554 Groenio
976 2510 1088 2556 vocem
1114 2495 1217 2557 divise
1240 2496 1373 2571 scribas,

183 2609 273 2680 >quia
293 2609 328 2667 in
349 2607 611 2682 interrogationis
635 2607 849 2668 disiunctivae
873 2609 976 2668 altera
999 2611 1090 2682 parte
1114 2605 1144 2686 ἤ,
1166 2625 1231 2671 non
1253 2605 1318 2687 ἥκοι
1342 2610 1375 2669 in

197 2735 292 2795 prosa
322 2721 443 2782 saltem
474 2721 617 2781 oratione
648 2723 723 2795 poni
753 2722 846 2782 solet.
878 2723 916 2782 In
949 2722 1057 2783 4000
1085 2720 1174 2801 ἤ[εοι]
1200 2725 1373 2797 legendum
1404 2793 1406 2797 ¹

197 2837 404 2906 (antecedens
437 2832 457 2913 ll
490 2834 638 2896 librarios
672 2836 705 2896 iu
736 2849 879 2896 errorem
910 2833 1070 2911 duxerat).
1099 2838 1132 2896 in
1159 2839 1222 2897 433
1248 2838 1276 2896 Α
1299 2853 1374 2897 oum

198 2949 415 3010 Herwerdeno
446 2950 565 3010 iterum
599 2970 643 3008 τοι
674 2949 846 3009 delendum
877 2945 977 3026 (ἢ[ιοι]
1012 2949 1118 3009 ιούκον
1146 2971 1172 3007 ιι
1194 2953 1263 3020 καί).
1289 2949 1372 3010 Illud

199 3059 377 3142 ἀγνοοῦντες
400 3063 486 3123 salse
509 3062 717 3139 dictumest,
741 3063 827 3122 siout
849 3063 883 3123 in
908 3064 968 3122 331
995 3062 1019 3121 lt
1043 3059 1098 3140 ἐγὼ
1123 3057 1155 3120 δὲ
1178 3059 1284 3139 ἀγνοῶ.

47 3183 117 3242 345
145 3177 176 3244 A
246 3177 345 3237 Recte
376 3175 505 3250 campo.
538 3176 577 3235 ad
608 3173 679 3234 ἕστο
711 3171 764 3251 μὲν
795 3171 898 3247 ἄδικος
930 3177 1039 3235 mente
1070 3175 1198 3250 supplet
1220 3197 1272 3250 τις,
1296 3193 1373 3237 nam

197 3291 389 3351 vertendum
421 3291 481 3364 est,
516 3304 666 3364 „prorsus
698 3289 794 3349 liceat
818 3288 915 3348 alicui
939 3288 1059 3347 iniusto
1084 3303 1156 3348 esse
1179 3289 1262 3348 eto.’'
1289 3289 1371 3349 Ridi-

198 3403 270 3464 oule
289 3402 434 3463 nonnulli
454 3399 554 3460 ἀδικία
574 3403 614 3463 ad
634 3399 705 3461 ἔστιν
727 3402 837 3462 mente
857 3402 988 3477 addunt,
1008 3401 1101 3474 quasi
1120 3401 1299 3461 iniustitiae
1311 3417 1375 3463 non

199 3518 244 3577 sit
274 3516 438 3590 proprium
468 3515 625 3575 iniustam
656 3530 739 3575 esse.
773 3548 812 3558 —
843 3515 903 3597 Pro
924 3512 1033 3572 ’πείθει
1065 3514 1147 3574 Bait.
1181 3514 1317 3588 Madvig.
1347 3531 1373 3575 ο.

199 3645 264 3692 uuo
295 3629 363 3690 eod.
393 3627 508 3698 πείθεις
539 3629 660 3702 legunt,
689 3629 759 3688 sine
784 3643 892 3703 eausa,
919 3643 1021 3700 quum
1045 3628 1102 3686 aut
1125 3649 1167 3698 ιις
1192 3628 1374 3688 subiectum

201 3743 246 3802 sit
276 3745 333 3802 aut
362 3740 394 3801 ιὸ
426 3741 578 3803 δύνασθαι
608 3738 723 3800 ἀδικεῖν
748 3740 890 3815 (damph.
919 3741 1005 3816 „this
1029 3741 1189 3814 supposed
1213 3723 1376 3815 impunity

149 3857 238 3922 Boi
265 3856 458 3926 iniustioe'’).
484 3847 503 3939 ΙΙ
528 3856 611 3929 Lege
643 3852 740 3931 νυνδὴ
771 3855 822 3914 hio
853 3857 886 3914 et
909 3854 993 3914 infra
1016 3854 1048 3913 in
1072 3854 1090 3923 ἓ
1117 3853 1144 3912 Ι)
1168 3851 1263 3936 (ᾤμην
1287 3851 1377 3931 ἔγωγε

155 3966 323 4044 (lavedi).
355 3961 374 4052 ΙΙ
405 3969 466 4029 Pro
496 3968 666 4045 ποιμαίνειν
699 3969 756 4038 (sio
788 3969 849 4027 Ast
880 3967 961 4027 Bkk.
994 3967 1088 4027 Soim.
1119 3967 1202 4027 Bait.
1233 3965 1375 4040 (lampb.)

202 4083 274 4144 Par.
305 4083 334 4142 Α
364 4081 493 4141 πιαίνειν
524 4083 655 4143 exhibet
682 4083 740 4152 (sio
763 4082 874 4142 Herm.
900 4079 1022 4140 Woblr.
1054 4079 1223 4149 Eusebius)
1259 4078 1376 4138 (lobeto

202 4197 265 4257 Mn.
300 4197 383 4256 1881
408 4196 573 4270 probante.
601 4196 753 4255 Nonnulli
776 4194 864 4255 oodd.
889 4193 1033 4271 παχύνειν
1057 4193 1088 4263 (i.
1113 4209 1140 4253 e.
1165 4193 1262 4265 gloss.
1288 4193 1377 4252 vocis

201 4309 342 4391 πιαίνειν)
374 4311 538 4384 praebent.
570 4310 680 4370 Unum
711 4307 840 4366 πιαίνειν
866 4322 979 4367 νοτίοιο]
1010 4308 1061 4366 est
1083 4307 1153 4365 tam
1179 4307 1308 4379 propter
1330 4321 1376 4366 se·

202 4425 337 4498 quentia
366 4422 465 4503 ὥσπεο
494 4421 659 4499 δαιτυμόνα
689 4419 755 4480 πνδ
785 4424 835 4479 uzi
867 4421 917 4491 (ei.
950 4419 1068 4479 Aniani
1098 4420 1213 4493 poetae
1244 4435 1378 4481 versum

202 4539 277 4617 βοῦς
301 4534 334 4598 δὲ
357 4537 567 4612 πιανθείς,
590 4532 683 4596 δοκέω
706 4532 769 4611 μέν,
791 4530 842 4592 καὶ
866 4531 977 4611 μεσέων
1000 4515 1116 4591 νυκεῶν
1139 4526 1216 4609 ἡδὺς
1238 4529 1379 4613 κήμέρης)

204 4669 304 4727 quam
335 4654 465 4727 propter
496 4651 593 4711 verba
623 4651 657 4710 in
682 4651 746 4709 343
766 4649 792 4708 Β
816 4647 961 4726 παχύνειν
983 4642 1033 4705 καί
1052 4645 1241 4724 θεραπεύειν.
1263 4648 1380 4710 ¹Omnis
