3417 5175
733 380 795 440 105

173 567 322 647 γεωργοὺς
352 564 589 646 obtemperetur
619 563 763 646 κεραμέας
785 571 869 625 κοιεῖ
888 563 984 644 (quod
1007 584 1048 628 ex
1071 577 1215 647 ποιοῦμεν
1238 574 1347 633 mente

174 678 412 759 supplendum),
444 678 517 740 ἀλλά
546 702 628 751 τινας
660 678 756 758 ὥσπερ
787 683 845 738 κτλ.
877 680 983 741 Verba
1014 677 1084 741 tilio
1108 678 1146 742 ἄν
1170 705 1197 742 τι
1219 680 1239 761 ἢ
1262 686 1348 745 πόλιν

173 792 251 875 λέγοι
274 796 356 855 mihi
379 796 489 870 spuria
511 810 583 855 esse
608 794 758 854 videntur
780 796 814 854 et
836 795 914 854 nota
935 796 1125 868 marginalis
1148 799 1188 859 ad
1208 792 1270 856 ἀλλ’
1294 797 1350 858 οὐκ

173 905 205 967 ἐν
231 907 325 984 πόλει,
346 910 420 981 post
442 924 524 981 quae
546 908 641 983 plane
665 907 793 983 frigent,
821 907 953 967 etiamsi
976 908 1087 969 liceret
1111 907 1209 987 (quod
1232 926 1349 972 sensus

173 1019 275 1099 vetat)
300 1022 399 1082 verba
421 1020 568 1100 γεωργούς
591 1042 674 1091 τινας
697 1019 794 1097 ὥσπερ
804 1065 879 1078 .....
899 1018 1079 1098 εὐδαίμονας
1102 1039 1160 1098 pro
1184 1025 1349 1099 scriptoris

172 1136 437 1210 interpretatione
475 1135 565 1195 vocis
600 1130 694 1193 ἐκεῖνο
729 1133 857 1195 habere.
894 1134 1045 1209 Madvigii
1079 1138 1139 1195 cam
1173 1134 1351 1217 ἑστιάτορος,

172 1245 377 1325 εῖδαιμονμις]
411 1245 480 1307 ἄλλο
511 1244 549 1306 ἄν
580 1269 607 1307 ιι
638 1252 688 1306 nrt
712 1245 771 1325 (sic
794 1245 916 1325 Baiter)
941 1250 1028 1309 recte
1052 1249 1210 1310 Richards
1234 1248 1347 1328 (class

173 1363 253 1423 Rev.
289 1359 385 1439 1893)
416 1362 581 1438 refutavit,
611 1361 681 1435 ipse
712 1358 823 1437 (prave
855 1362 884 1421 si
911 1361 986 1434 quid
1012 1359 1115 1440 video)
1139 1364 1300 1424 coniciens
1324 1364 1351 1424 εἰ

177 1470 254 1552 [μὲν]
268 1465 324 1534 οὖν
335 1470 419 1551 ἡμεῖς
428 1518 499 1533 .....
511 1471 605 1553 λέγων
616 1471 727 1553 ἀργούς
741 1471 809 1551 (pro
821 1471 983 1554 γεωργούς)
995 1496 1078 1547 τινας
1090 1473 1140 1535 καὶ
1152 1474 1249 1556 ὥσπερ
1258 1523 1345 1536 ......

174 1585 364 1665 εὐδαίμονας,
394 1584 463 1646 tillo
496 1586 534 1663 δή
565 1585 634 1665 (pro
664 1584 714 1665 dv)
746 1607 773 1646 τι
803 1583 823 1666 ἢ
854 1586 941 1647 πόλιν
965 1584 1048 1667 λέγει.
1072 1590 1143 1650 Vox
1168 1587 1350 1668 εὐδαίμονας

174 1703 323 1775 respectu
343 1701 484 1760 4201111
503 1716 566 1762 non
587 1702 657 1762 sine
677 1701 742 1761 leni
761 1702 830 1761 risu
849 1701 969 1778 addita,
990 1703 1073 1775 quod
1094 1718 1157 1763 non
1170 1704 1350 1765 sentientes

174 1816 208 1875 et
237 1814 449 1875 Ruhnkenius
480 1811 569 1892 (nota
600 1829 662 1874 ms.
694 1815 727 1874 in
750 1814 853 1889 ipsius
876 1814 1021 1875 Platonis
1046 1816 1225 1891 exemplari
1249 1818 1348 1891 Lugd.

173 1928 210 1988 Β.
235 1911 414 2006 asservato)
436 1929 469 1988 οι
488 1927 758 2001 wyttenbachius
779 1928 985 1987 coniecerunt
1004 1925 1059 1986 τοι.
1085 1926 1170 1993 <tat
1190 1927 1239 2006 (v.
1261 1928 1345 2008 cb>

127 2044 152 2112 0
174 2042 365 2120 δαιτυμόνας.
396 2034 416 2126 ΙΙ
447 2043 564 2103 Dubito
596 2058 637 2102 an
660 2045 755 2112 καλῶς
779 2043 854 2101 ante
879 2039 1061 2120 οἰκιζομένης
1085 2044 1263 2117 genuinum
1286 2043 1349 2118 sii3

176 2157 346 2218 meliorem
377 2158 464 2216 certe
494 2156 692 2216 sententiam
725 2155 961 2232 nanciscemur,
993 2157 1021 2215 si
1053 2155 1130 2215 obre
1154 2158 1255 2218 etiam
1274 2171 1349 2217 curn

121 2273 152 2337 l)
176 2265 359 2346 οἰκιζομένης
379 2269 653 2330 coniunxerimus.
674 2259 694 2350 ΙΙ
715 2266 1350 2349 Βο1οτετῖεῶστεκοῖιιοκοὺςγίγνεσθαι.

174 2384 398 2443 Annotaverat
429 2366 546 2456 aliquis
577 2382 611 2442 in
642 2397 707 2455 mg.
741 2380 813 2440 ὤσιε
843 2379 954 2451 κοινοὺς
983 2381 1148 2461 γίγνεσθαι,
1171 2383 1264 2455 quasi
1287 2397 1350 2444 non

176 2497 284 2558 omnis
307 2493 463 2574 διαφθορὰ
479 2496 635 2567 11τοττιῖιτεο
658 2497 691 2556 οῖ
713 2510 765 2556 res
790 2495 900 2569 vitiet.
918 2494 1002 2555 illud
1024 2492 1075 2554 καὶ
1098 2493 1193 2571 (quod
1218 2494 1349 2571 campo.

175 2609 257 2694 πάσῃ
286 2607 371 2694 τέχνῃ
399 2610 559 2686 explicare
582 2606 728 2686 conatur)
753 2610 970 2684 dittographia
992 2611 1099 2671 ortum
1124 2611 1184 2672 est.
1211 2644 1251 2654 —
1276 2611 1351 2670 Mox

175 2723 399 2797 corrigendum
430 2718 469 2782 ἔτ’
504 2720 666 2800 ἐθελήσειν,
688 2724 761 2783 vide
784 2724 825 2783 ad
848 2724 911 2784 391
926 2724 964 2782 Α.
989 2723 1067 2783 Post
1089 2738 1192 2798 pauca
1215 2724 1350 2784 verbum

175 2835 357 2916 παρέχεσθαι
379 2837 545 2898 insolitam
569 2838 637 2897 vim
661 2837 713 2896 hic
732 2837 830 2897 habet
853 2837 934 2913 „sibi
953 2838 1118 2913 parandi,”
1141 2840 1351 2911 quamobrem

177 2950 316 3013 Oobetus
347 2965 460 3012 vocem
492 2950 621 3025 delevit,
653 2950 817 3011 Herwerd.
846 2951 958 3010 autem
983 2950 1056 3021 (Mn.
1084 2952 1180 3020 1891)
1205 2952 1243 3012 ci.
1267 2951 1352 3029 κορι-

176 3068 296 3138 ζεσθαι;
327 3064 489 3140 posterius
519 3064 630 3138 opinor
659 3061 856 3136 probabilius
887 3059 1162 3142 οοῖ.11οιρέχεσθοι
1189 3062 1352 3137 significat

179 3180 237 3257 „de
260 3195 320 3239 suo
343 3179 527 3253 praebere'',
557 3179 609 3252 „to
631 3177 770 3250 produce
790 3176 833 3250 by
852 3177 941 3237 one’s
962 3192 1034 3237 own
1054 3177 1204 3238 inherent
1222 3177 1350 3252 power”

127 3294 152 3357 ll
177 3292 343 3368 (campo),
367 3293 475 3364 itaque
499 3292 562 3351 huc
582 3289 717 3357 minime
737 3291 883 3362 quadret.
908 3281 928 3373 ΙΙ
952 3289 1013 3351 Ρτο
1034 3289 1181 3362 brattea
1202 3289 1351 3367 (lobetus,

177 3406 228 3466 W.
250 3405 289 3465 Η.
311 3405 495 3479 Thompson
515 3405 635 3474 (Journ.
656 3403 691 3464 oi
707 3403 788 3463 Phil.
808 3404 872 3463 XII
892 3419 921 3480 p.
938 3404 1022 3481 184),
1035 3405 1074 3464 K.
1089 3404 1124 3465 G.
1138 3404 1172 3465 P.
1187 3404 1352 3465 Schwartz

177 3520 250 3591 (Mn.
285 3519 370 3578 1885
400 3533 430 3591 p.
463 3517 516 3588 84)
548 3518 635 3579 recte
666 3519 876 3578 correxerunt
906 3515 1028 3594 διδάξει,
1061 3518 1137 3578 11οεῖ
1167 3519 1195 3578 J.
1220 3517 1353 3578 Richter

176 3632 294 3703 OEleck.
325 3632 395 3693 Jbb.
430 3632 525 3703 1867)
549 3633 583 3691 et
606 3629 737 3707 (iampb.
763 3632 926 3692 mordicus
949 3631 1116 3705 vulgatam
1141 3631 1352 3708 defenderint,

175 3747 231 3806 ille
260 3746 385 3807 Menex.
418 3745 520 3805 238ss
552 3760 753 3822 comparans,
786 3746 838 3806 hio
870 3745 969 3806 Arist.
1004 3745 1085 3806 Nub.
1120 3746 1182 3808 783
1216 3743 1283 3816 (οὐκ
1315 3741 1353 3802 btv

177 3859 356 3936 διδαξοίμην
388 3853 414 3916 τ’
450 3856 510 3934 ἔτι),
543 3859 597 3933 qui
629 3858 719 3920 locus
749 3859 816 3919 iam
848 3860 971 3919 dudum
995 3859 1111 3919 multis
1134 3859 1209 3929 (vid.
1234 3858 1352 3918 Theod.

176 3974 291 4035 Kockli
318 3973 400 4033 Nub.
425 3974 485 4043 ed.)
508 3973 686 4033 mendosus
709 3973 800 4032 visus
824 3973 884 4032 est.
906 3973 943 4032 In
962 3973 980 4042 ἓ
1002 3973 1060 4032 ult.
1087 3972 1157 4033 coll.
1181 3972 1207 4031 D
1231 3971 1302 4042 lege
1325 3985 1352 4030 c.

177 4087 300 4161 aliquot
331 4088 431 4162 codd,
463 4087 611 4163 Eusebio,
644 4087 780 4148 stobaeo
816 4083 921 4153 <ιὰ>
956 4091 1028 4147 ιιοῐοι
1058 4094 1168 4160 raom
1196 4083 1354 4145 articulus

177 4201 407 4276 haplographia
431 4200 560 4261 excidit.

32 4325 90 4385 422
121 4320 153 4388 A
223 4314 363 4389 Optimis
386 4315 475 4375 codd.
499 4320 658 4383 ποιοῦντος
682 4317 749 4388 (pro
769 4309 964 4389 ἐμποιοῦντος
984 4313 1031 4372 sic
1051 4312 1125 4372 Eus.
1148 4312 1245 4382 Stob.)
1265 4326 1352 4386 prae·

177 4428 328 4488 bentibus
355 4428 435 4489 Bkk.
461 4428 494 4489 οῖ
517 4427 628 4487 stallo.
653 4441 717 4486 non
741 4426 1014 4501 obtemperarunt,
1039 4426 1135 4501 recte,
1160 4425 1199 4485 cf.
1225 4426 1290 4484 424
1314 4426 1352 4497 Α,

178 4543 243 4601 444
268 4541 308 4617 O;
333 4546 368 4602 at
390 4542 486 4616 paulo
508 4544 584 4601 ante
603 4541 720 4600 iisdem
739 4541 828 4601 codd.
850 4562 878 4599 ιε
897 4543 971 4614 post
990 4535 1107 4617 τροφὴν
1128 4538 1353 4598 omittentibus

121 4658 152 4724 Β
176 4654 263 4715 male
287 4654 353 4716 lere
377 4670 491 4715 omnes
516 4655 606 4715 editt.
629 4655 815 4729 paruerunt,
841 4655 913 4714 vide
936 4653 1022 4713 diota
1042 4652 1081 4712 ad
1102 4652 1166 4713 329
1186 4652 1225 4712 A.
1239 4642 1259 4735 ΙΙ
1274 4650 1354 4711 (ium
