3417 5175
887 380 949 439 156

330 563 419 643 (suos
443 565 599 625 nimirum
623 565 711 625 cives
735 564 827 625 Plato
855 566 996 642 respicit,
1025 582 1089 627 non
1117 564 1229 637 πάντας
1257 566 1326 639 τοὺς
1343 564 1505 647 Ἕλληνας,

328 681 415 741 sicut
442 681 474 739 et
499 694 596 753 supra
619 694 648 752 p.
674 679 738 738 405
758 680 789 738 A
813 676 967 757 vidimus)
988 695 1029 741 ex
1053 680 1163 741 Attica
1186 681 1347 756 profectos
1371 697 1444 743 esse
1467 680 1505 742 ιὰ

330 792 477 854 Διονύσια
500 793 533 853 in
557 793 683 853 ceterae
707 791 859 854 Graeciae
883 791 995 869 κώμαις
1019 796 1213 869 speciatum.
1241 792 1285 853 Tb
1304 793 1378 854 κατὰ
1400 796 1504 874 ιιώμας

331 909 414 966 Διον.
436 907 537 981 igitur
559 908 646 982 sunt,
671 921 753 980 quae
778 906 876 980 vulgo
897 904 933 965 ιὰ
956 902 1014 966 κατ’
1046 905 1157 987 ἀγροὺς
1182 911 1348 987 vocantur,
1372 908 1407 969 ιὰ
1428 907 1506 969 κατὰ

330 1020 426 1098 πόλιν,
460 1036 542 1094 quae
574 1016 651 1098 (vid.
684 1020 894 1098 scholiasten)
925 1016 967 1079 ια’
992 1018 1024 1079 ἐν
1055 1017 1135 1080 ἄστει
1166 1022 1311 1084 audiunt.
1340 1023 1505 1098 Scriptum

278 1141 307 1206 Ε
331 1144 401 1203 erat
420 1139 495 1201 κατὰ
517 1113 567 1219 mi,
590 1143 673 1216 quod
697 1143 848 1203 librarius
872 1143 958 1203 male
982 1143 1134 1217 explevit.
1157 1135 1177 1227 ΙΙ
1198 1143 1279 1204 dum
1302 1145 1369 1205 fere
1389 1160 1507 1206 omnes

330 1257 419 1318 codd.
454 1254 682 1333 μαθηματικοὺς
718 1257 893 1317 exhibeant
924 1272 1000 1317 cum
1032 1256 1198 1318 Clemente
1228 1259 1262 1319 et
1292 1258 1504 1334 Theodoreto,

330 1385 393 1430 non
423 1370 533 1430 dubito
564 1371 641 1444 quin
672 1386 711 1431 ea
741 1371 882 1445 genuina
908 1370 953 1431 sit
982 1370 1095 1446 lectio;
1129 1370 1167 1431 cf.
1200 1372 1283 1431 Tim.
1317 1372 1358 1431 88
1386 1367 1506 1449 Biubi

330 1483 464 1544 Photius
494 1480 705 1561 μαθηματικὸν
736 1480 802 1543 ἀντὶ
833 1490 887 1543 τοῦ
910 1482 1080 1562 φιλομαθῆ)
1105 1486 1138 1544 et
1160 1484 1295 1546 Asisiot.
1319 1484 1457 1560 Motsph.
1487 1488 1503 1545 l

330 1597 395 1667 (in.)
426 1592 476 1655 καὶ
506 1594 556 1655 διὰ
585 1604 673 1657 τοῦτο
703 1594 739 1655 τὰ
768 1591 822 1674 μὲν
846 1601 901 1668 (ac.
926 1605 985 1656 τῶν
1010 1596 1102 1683 ζῴοιν)
1125 1596 1268 1677 φρόνιμα,
1289 1595 1325 1657 τὰ
1348 1593 1380 1657 δὲ
1403 1603 1506 1675 μαθη-

330 1709 511 1789 ματικώιερα
533 1718 592 1769 τῶν
615 1707 655 1787 μὴ
680 1706 857 1787 δυναμένων
880 1710 1080 1788 μνημονεύειν
1103 1708 1189 1770 ἐστίν.
1213 1711 1348 1773 Videtur
1370 1712 1506 1773 Platone

331 1824 406 1884 vivo
435 1824 579 1885 nondum
610 1823 695 1884 inter
725 1821 890 1901 μαθητικὸς
919 1826 951 1885 et
979 1822 1186 1902 praeoperante
1213 1824 1396 1901 discrimen,
1421 1827 1506 1899 quod

331 1938 454 1999 Gellius
488 1938 522 1998 et
556 1937 613 1998 alli
644 1937 818 2012 scriptores
852 1938 1045 2013 indicarunt,
1082 1937 1261 1999 exstitisse.
1293 1937 1372 1998 Vide
1408 1940 1505 2000 Thes.

331 2051 487 2126 Stephani
511 2067 537 2112 s.
562 2067 593 2112 v.
618 2066 648 2111 v.
673 2049 881 2128 μαθηματικὸς
905 2054 938 2114 ei
962 2049 1186 2129 dunnelmensis.

186 2169 251 2229 476
280 2161 310 2229 Α
378 2166 468 2239 Lege
496 2162 546 2223 καὶ
582 2160 671 2243 [περὶ]
707 2164 825 2225 δικαίου
856 2168 922 2237 κιλ;
953 2180 1030 2225 nam
1060 2166 1204 2240 primum
1236 2181 1317 2240 opus
1351 2167 1422 2227 erat
1454 2163 1507 2224 καὶ

333 2274 483 2358 <νιερὶ>
510 2274 627 2355 ἀδίκου,
649 2277 762 2339 deinde
785 2278 880 2352 plane
901 2278 1022 2339 sufficit
1041 2278 1120 2339 illud
1140 2275 1206 2355 νιέρι
1225 2279 1258 2339 in
1274 2278 1338 2341 fine
1349 2279 1505 2356 positum,

331 2394 370 2454 cf.
404 2393 466 2453 451
489 2393 527 2453 Α.
552 2379 593 2453 'Si
626 2393 688 2453 duo
719 2392 804 2453 inter
827 2407 863 2453 se
887 2392 1048 2454 contraria
1071 2393 1262 2466 copulantur
1285 2392 1395 2453 iterari
1417 2408 1506 2467 prae·
1611 2373 1613 2375 ¹

330 2505 525 2581 positionem
545 2521 679 2567 necesse
699 2508 760 2582 est,
781 2507 844 2567 vid.
867 2506 907 2566 ad
920 2506 984 2567 334
997 2506 1032 2567 li.
1048 2540 1087 2550 -
1101 2507 1184 2567 Illud
1197 2495 1330 2582 αλλήλων
1342 2504 1506 2589 (κοινωνίᾳ)

331 2620 412 2681 mihi
425 2621 464 2681 ob
477 2621 558 2680 duas
571 2636 688 2682 causas
699 2621 865 2696 displicet:
887 2621 1029 2694 primum
1043 2621 1227 2681 subiectum
1240 2622 1329 2682 verbi
1342 2620 1507 2697 φαίνεσθαι

331 2735 416 2795 sicut
447 2735 536 2795 verbi
566 2727 642 2793 εἶναι
672 2736 723 2795 est
753 2731 886 2812 ἕκαστον,
917 2749 981 2794 non
996 2728 1017 2804 ¹)
1040 2733 1137 2794 πάντα
1159 2732 1195 2794 ιὰ
1217 2733 1291 2812 εἴδη,
1314 2737 1349 2795 at
1372 2731 1507 2812 ἀλλήλων

331 2849 466 2924 requirit
496 2849 679 2910 subiectum
710 2849 845 2924 pluralis
875 2849 1013 2925 numeri,
1046 2849 1156 2923 itaque
1179 2864 1248 2910 voc.
1273 2845 1407 2926 ἀλλήλων
1430 2847 1507 2908 ferri

330 2963 459 3038 nequit;
491 2964 605 3025 deinde
635 2963 688 3024 fac
718 2965 780 3024 duo
811 2962 876 3040 εἴδη
908 2963 1049 3039 misceri,
1078 2965 1150 3024 tum
1182 2955 1260 3034 εἶδος
1284 2963 1411 3036 aliquod
1434 2977 1506 3022 nas·

215 3063 218 3067 ’
331 3078 424 3153 citur,
449 3077 531 3150 quod
555 3076 697 3150 simplex
720 3073 788 3155 (iv),
811 3091 881 3137 non
900 3077 1071 3152 multiplex
1095 3074 1209 3148 (πολλὰ)
1234 3077 1294 3138 est.
1316 3076 1396 3139 Cum
1417 3075 1507 3136 nullo

331 3191 430 3265 igitur
451 3192 546 3266 pacto
571 3206 639 3252 voc.
664 3187 798 3268 ἀλλήλων
820 3191 948 3252 delendi
970 3189 1083 3265 possit,
1104 3190 1194 3264 patet
1214 3191 1401 3264 corruptum
1422 3204 1505 3250 esse.

332 3305 517 3378 Legendum
539 3320 654 3366 censeo
674 3301 770 3364 illoc
790 3305 811 3366 i.
832 3320 860 3365 ο.
885 3303 1023 3364 aliarum
1042 3318 1162 3380 rerum,
1182 3318 1260 3365 nam
1284 3304 1369 3364 inter
1387 3300 1508 3382 πράξεις

332 3422 366 3482 ei
389 3419 508 3497 σώματα
533 3421 589 3480 vix
615 3419 727 3480 referri
749 3420 887 3493 possunt
909 3417 1019 3496 φωναί,
1041 3417 1135 3496 χρόαι,
1156 3416 1299 3497 σχήματα,
1321 3416 1452 3478 similia.
1481 3417 1507 3477 Ε

331 3537 479 3608 quaeum
496 3533 580 3593 banc
598 3534 700 3593 dicum
718 3533 907 3594 emendandi
920 3532 1136 3593 conaminibus
1148 3531 1273 3593 nullum
1287 3531 1368 3591 mihi
1379 3530 1507 3606 placere

332 3648 453 3722 potnit:
479 3647 640 3706 Burnum
669 3649 703 3708 ca
723 3647 871 3717 (Phaedri
899 3647 1008 3720 praef.)
1036 3642 1110 3728 ἄλλῃ
1136 3641 1233 3704 ἄλλων
1257 3634 1308 3705 est
1331 3644 1507 3706 admodum

333 3761 432 3820 durae
451 3760 709 3836 constructionis,
724 3760 786 3821 etsi
798 3759 1025 3821 tolerabilioris
1036 3775 1135 3832 quam
1148 3760 1329 3819 Brwernar
1340 3758 1462 3829 (Journ.
1476 3759 1512 3819 of

333 3872 447 3934 enno.
471 3869 568 3949 1874)
589 3867 646 3931 ιιι
670 3869 766 3932 orreo
779 3852 854 3950 ’μοι
875 3873 1005 3946 general
1026 3887 1121 3933 sense
1142 3873 1236 3945 being
1256 3872 1294 3947 ,u
1312 3871 1341 3932 is
1360 3871 1404 3945 by
1423 3871 1510 3932 tuen

332 3989 431 4051 unicn
461 3988 541 4049 with
571 3987 691 4062 bodies,
723 3967 937 4048 actionsand
966 4001 1002 4047 so
1025 3986 1121 4062 forth,
1146 3987 1218 4045 that
1240 3985 1334 4046 Ideas
1358 3999 1451 4045 come
1474 3989 1510 4045 to

333 4103 372 4164 be
405 4102 691 4177 phenomenalised
726 4101 815 4175 otc');
847 4100 1028 4162 Voncnnmr
1059 4097 1104 4178 (S)
1137 4102 1171 4159 οὓ
1199 4097 1343 4176 σωμάτων
1372 4094 1509 4174 ἀλλήλων

332 4214 475 4298 κοινωνίᾳ
505 4215 654 4291 displicet
684 4216 853 4291 propterea
876 4214 959 4286 quod
982 4209 1116 4290 ἀλλήλων
1140 4213 1187 4272 sic
1210 4227 1342 4288 prorsus
1365 4211 1510 4272 abundat

333 4344 437 4403 neque
469 4345 487 4390 ο
517 4328 752 4402 grammaticae
784 4327 909 4402 legibus
931 4325 1025 4386 facilc
1049 4328 1100 4387 est
1123 4325 1303 4403 explicatu3
1327 4325 1511 4388 Lrnerrouur

333 4545 553 4556 ..—.---——

368 4686 387 4751 ¹)
405 4689 432 4736 si
449 4687 518 4736 enim
531 4688 608 4733 uena
623 4688 653 4733 τὰ
667 4686 716 4746 alep
730 4684 877 4734 subiectum
891 4685 969 4742 esset,
982 4683 1057 4732 Plato
1072 4697 1122 4731 non
1136 4685 1200 4738 αὐτό,
1218 4682 1264 4730 sed
1279 4683 1339 4730 αὐτὰ
1352 4680 1512 4741 scripsisset.
