3417 5175
741 381 803 441 123

179 566 286 641 Quum
303 568 414 627 autem
435 566 576 627 Galenus
596 567 748 640 praebeat
767 575 806 647 τῷ
826 586 858 644 γε
881 564 960 649 αὐτῷ
980 564 1013 624 τὸ
1035 563 1108 625 αὐτὸ
1121 574 1159 647 τῷ
1173 562 1280 625 ἑαυτοῦ
1292 563 1359 644 περὶ

178 682 229 737 κτλ
249 680 394 753 suspicor
413 680 583 740 Platonem
607 679 777 753 scripsisse
797 676 906 754 φαμέν,
925 688 964 760 τῷ
984 700 1016 757 γε
1037 677 1117 761 αὐτῷ
1138 675 1245 737 ἑαυτοῦ
1268 675 1355 757 [περὶ]

178 789 211 849 τὸ
235 789 307 851 αὐτὸ
331 790 392 868 ἅμα
416 796 473 851 κτλ.
498 793 576 853 Fere
600 808 715 853 omnes
739 793 827 852 codd.
853 807 932 852 mox
956 792 1062 852 exhib.
1087 791 1209 869 πράττοι
1235 807 1358 852 necnon

179 920 294 965 omnes
314 908 404 967 editt.
425 911 552 981 praeter
572 908 714 967 Aetium.
737 906 880 968 Galenus
899 920 974 966 cum
987 906 1099 980 paucis
1112 907 1200 967 codd.
1214 906 1359 966 Platonis

178 1018 278 1077 tradit
300 1017 447 1095 πράττειν,
469 1021 553 1079 unde
573 1020 635 1078 Ast
655 1018 910 1097 8118811προ1ττει,
930 1020 1012 1091 qood
1030 1020 1121 1079 unice
1139 1034 1259 1094 οικκκκ,
1284 1020 1359 1093 quia

178 1126 217 1187 ἂν
244 1132 405 1192 omissum
429 1136 489 1194 est.
514 1132 575 1207 Qui
599 1135 710 1192 autem
733 1131 855 1211 πράττοι
879 1134 1062 1208 servarunt,
1085 1134 1205 1207 partim
1231 1149 1247 1192 e
1272 1146 1358 1206 prae·
1470 1129 1472 1133 ”

178 1258 291 1317 gressa
311 1247 475 1305 sententia
493 1245 687 1319 particulam
707 1248 818 1306 mente
838 1246 1052 1319 supplendam
1065 1260 1137 1306 esse
1151 1246 1358 1318 censuerunt,

177 1358 299 1431 partim
329 1360 523 1418 revocarunt
548 1360 643 1419 textu
667 1360 832 1420 mutando.
858 1359 898 1420 ll.
924 1360 1048 1420 Schanz
1074 1360 1239 1433 (probante
1263 1358 1359 1427 Bait.)

177 1471 213 1530 in
232 1471 311 1530 Nov.
334 1470 457 1531 Oomm.
479 1471 561 1532 Plat.
585 1473 668 1531 1871
692 1472 809 1531 maluit
829 1474 893 1530 ΔΗ
908 1472 941 1531 18
964 1474 1027 1531 AN
1044 1474 1246 1532 commutare
1260 1485 1358 1544 quam

178 1580 217 1642 div
240 1600 258 1644 e
280 1586 545 1657 praecedentibus
568 1585 727 1659 supplere.
752 1584 918 1660 oampbell
942 1586 980 1646 ci.
1003 1578 1048 1661 ἅμ’
1076 1580 1190 1658 <11ν>
1213 1599 1269 1658 pro
1289 1581 1360 1659 tipo,

178 1699 213 1758 at
249 1700 328 1774 turn,
364 1699 398 1758 ni
428 1699 531 1774 fallor,
563 1699 707 1760 Glaucen
738 1700 959 1774 respondisset
990 1698 1025 1759 od
1057 1696 1113 1777 γὰρ
1145 1695 1191 1757 ἅν.
1215 1698 1262 1757 Ne
1286 1697 1359 1770 quis

177 1814 313 1887 genitivi
346 1821 399 1873 τοῦ
434 1812 554 1885 τοξότου
585 1829 648 1874 usu
679 1814 834 1886 singulari
869 1815 1051 1875 offendetur
1075 1813 1114 1874 cf.
1139 1812 1203 1871 459
1229 1810 1254 1869 Β
1278 1804 1358 1868 τίδὲ

180 1924 280 1985 ἵππων
303 1925 357 1985 οἴει
379 1930 439 2002 κτλ,
462 1926 527 1986 470
550 1927 579 1985 Α
603 1932 658 2003 γῆς
681 1946 710 1983 τε
733 1924 865 2001 τμήσεως
889 1929 948 2000 κτλ,
972 1926 1046 1985 alia.
1071 1927 1109 1984 In
1133 1924 1239 1983 verbis
1262 1921 1358 1999 ὥσπερ

178 2061 211 2119 γε
234 2040 392 2113 particula
414 2060 446 2118 γε
470 2041 606 2099 traiecta
633 2040 693 2114 est,
717 2054 794 2099 nam
820 2039 992 2099 dicendum
1013 2042 1083 2098 erat
1103 2046 1156 2096 τοῦ
1175 2058 1207 2115 γε
1227 2035 1360 2107 τοξότου,

180 2153 264 2226 Lege
286 2148 305 2229 ἡ
331 2150 498 2211 ἀπωθοῦσα
524 2150 624 2229 [χεὶρ];
648 2153 769 2212 etenim
792 2152 821 2211 si
840 2152 964 2212 iamed
984 2148 1056 2228 ἅιιρ
1077 2166 1146 2211 voc.
1167 2147 1227 2228 χεὶρ
1248 2152 1357 2210 mente

131 2262 405 2341 Gsupplendum‚
437 2281 494 2325 cur
525 2269 598 2339 post
628 2263 796 2324 ἀπωθοῦσα
827 2264 1008 2324 addendum
1041 2265 1116 2324 est?
1140 2255 1159 2346 ΙΙ
1182 2242 1270 2323 Astii
1297 2264 1357 2323 cam

187 2377 315 2454 <ιι81>
352 2377 384 2437 τὸ
418 2382 535 2438 κωλῦον
565 2379 682 2439 iniuria
712 2378 803 2439 editt.
835 2379 1043 2453 spreverunt;
1074 2380 1248 2439 antithesis
1270 2379 1359 2439 enim

180 2494 285 2566 gratia
304 2508 417 2553 vocem
437 2490 487 2551 καὶ
507 2492 622 2553 abesse
641 2508 705 2552 non
724 2508 819 2566 posse
839 2492 921 2552 ratio
934 2492 1064 2553 clamat.
1080 2492 1154 2554 llox
1167 2493 1359 2554 Schneidero

124 2610 153 2675 11
178 2607 248 2669 ὅταν
280 2582 447 2686 ἐγγίγνηται
479 2607 666 2667 emendanti
697 2610 785 2667 recte
808 2608 891 2668 Bait.
918 2610 951 2668 et
975 2606 1106 2682 (lampb.
1135 2611 1322 2683 paruerunt.
1340 2598 1357 2694 11

178 2723 331 2795 Madvigii
365 2723 425 2782 cam
461 2718 592 2791 ἀπούσας
627 2717 667 2778 ἔτι
698 2720 826 2780 πιστεύω
859 2721 952 2804 τούτῳ
984 2722 1093 2782 Baiter
1120 2723 1250 2798 recepit,
1275 2724 1310 2782 at
1333 2744 1359 2781 τι

177 2837 286 2898 omitti
320 2836 432 2908 nequit
463 2837 496 2893 et
527 2829 584 2912 doc
615 2836 688 2894 tum
720 2834 861 2894 otiosum
895 2830 944 2904 (ὡς
976 2835 1061 2894 enim
1095 2850 1158 2894 non
1189 2835 1358 2895 οπιστεύτο

177 2951 314 3026 pendet).
350 2948 427 3008 Mihi
461 2947 596 3021 volgata
627 2947 804 3007 sanissima
834 2946 962 3006 videtur
993 2961 1097 3019 neque
1128 2947 1273 3020 intelligo
1305 2950 1359 3020 qui

179 3063 344 3138 Oampbell
378 3062 483 3122 dicere
513 3063 654 3135 potuerit
689 3063 763 3135 „the
794 3061 1040 3133 interpretation
1072 3061 1102 3120 is
1133 3058 1301 3122 difficult.''
1326 3064 1359 3122 Is

178 3178 216 3238 ci.
251 3175 358 3244 <οὐ>
386 3176 513 3235 πιστεύω
537 3175 631 3258 τούτῳ
655 3175 675 3235 i.
701 3190 728 3235 θ.
753 3173 790 3234 οὐ
814 3173 942 3233 πιστεύω
966 3189 1013 3232 σοι
1036 3181 1122 3233 τοῦτο
1146 3179 1202 3245 (sc.
1226 3174 1296 3244 ἴσως
1319 3184 1359 3258 τῷ

177 3287 264 3374 ἑτέρῳ
295 3285 437 3365 ὁμοφυές)
469 3286 592 3367 λέγοντι,
615 3303 678 3348 non
702 3287 865 3348 infelicem
890 3288 1110 3348 coniecturam
1136 3288 1207 3349 coll.
1233 3288 1358 3349 Menon.

178 3404 219 3463 91
244 3404 281 3479 D,
304 3404 361 3463 sed
385 3404 418 3462 ni
438 3402 532 3462 fallor
551 3418 615 3462 non
635 3401 865 3462 necessariam.
886 3401 992 3461 Verba
1011 3401 1099 3461 enim
1118 3402 1245 3462 πιστεύω
1266 3401 1359 3486 τούτῳ

178 3516 362 3590 significant
385 3532 427 3576 ex
449 3516 506 3576 illa
526 3516 710 3576 narratione
730 3517 960 3589 argumentum
980 3516 1067 3575 sumi
1086 3531 1181 3590 posse
1202 3517 1360 3576 adversus
1445 3530 1449 3538 ·

178 3632 225 3701 (N.
241 3631 276 3691 B.
297 3624 368 3706 ἀλλ’,
387 3621 425 3707 ἦν
445 3623 469 3688 ‹l'
493 3627 560 3707 ἐγώ)
581 3630 754 3690 Glauconis
775 3630 983 3690 sententiam.
1004 3629 1151 3690 Absurde
1164 3630 1358 3692 Liebholdus

178 3745 295 3815 (Fledk.
323 3744 394 3804 Jbb.
409 3743 505 3803 ‘1888
531 3744 581 3803 bd.
609 3746 682 3814 137)
707 3745 746 3804 ci.
770 3740 835 3821 ἄρτι
859 3758 915 3818 pro
939 3766 973 3802 τι.
999 3778 1041 3785 -
1065 3743 1136 3801 Vam
1163 3745 1188 3803 L
1212 3747 1360 3822 Πειραιῶς

178 3860 265 3916 recte
296 3858 358 3916 Ast
389 3857 469 3917 Bkk.
502 3856 725 3927 Stallb.(l8b8)
756 3857 942 3931 probarunt.
975 3858 1036 3918 Pro
1064 3856 1155 3936 (παρὰ
1188 3862 1238 3940 τῷ)
1262 3856 1359 3940 δημίῳ

177 3969 447 4030 Hemsterhusius
469 3971 598 4040 (Anecd.
620 3971 636 4029 Ι
656 3987 685 4044 p.
707 3971 770 4030 252
791 3969 946 4040 8111881)
966 3972 1004 4031 ci.
1024 3971 1152 4055 Διομείῳ
1166 3986 1229 4032 non
1242 3971 1357 4043 impro·

176 4082 273 4143 bante
307 4082 525 4144 Herwerdeno
557 4083 629 4153 (lin.
664 4083 770 4153 1883).
796 4083 1029 4144 Valckenarius
1052 4088 1164 4145 autem
1189 4085 1233 4154 (in
1255 4084 1358 4157 ipsius

176 4195 304 4256 schedis
328 4197 460 4267 criticis)
485 4198 523 4256 ci.
550 4196 672 4280 δημιείῳ
696 4195 897 4280 881Λοιιείςο
922 4198 1004 4267 (coll.
1027 4197 1135 4270 Lysid.
1158 4198 1222 4256 203
1243 4197 1292 4267 A).
1314 4198 1358 4256 At

176 4324 239 4369 non
274 4310 451 4370 verisimile
486 4313 537 4369 est
572 4309 694 4383 templa
729 4311 858 4370 condita
892 4311 995 4371 fuisse
1026 4310 1119 4369 iuxta
1152 4309 1271 4384 locum,
1304 4310 1358 4368 ubi

177 4424 335 4498 supplicia
368 4422 492 4484 flerent.
524 4424 593 4484 Etsi
628 4424 759 4496 vulgata
791 4440 826 4484 se
858 4425 949 4485 bene·
962 4424 1068 4500 habet,
1092 4439 1156 4483 non
1179 4423 1357 4482 absurdum

176 4539 228 4597 est
257 4537 461 4598 Valckenarii
493 4536 614 4620 δημιείῳ
647 4537 757 4612 (loona,
790 4538 844 4598 ubi
869 4533 885 4597 ὁ
913 4536 1017 4614 δήμιος
1046 4535 1182 4612 habitat,
1207 4536 1247 4597 cf.
1272 4553 1302 4597 v.
1331 4554 1357 4598 c.

176 4655 326 4730 μουσεῖον,
348 4657 495 4731 κουρεῖον,
517 4654 729 4729 στρατηγεῐσν).
