3417 5175
751 414 792 473 37

181 599 342 660 nonnulla
361 598 552 671 antiquioris
571 598 699 659 Atticae
719 599 849 673 linguae
867 600 993 674 propria
1012 601 1191 677 relinquere
1204 604 1356 665 noluisse.

39 709 98 766 346
127 701 160 768 A
232 712 294 773 Pro
313 709 414 788 ἑτέραν
434 711 522 772 codd.
544 712 571 770 A
592 713 625 771 et
646 714 678 768 ll
687 708 768 789 ἑτέρα
789 712 847 783 (sic
867 728 981 773 ornnes
994 714 1083 774 editt.
1097 714 1190 775 Astio
1203 718 1358 793 excepto),

183 826 270 899 quod
293 841 356 886 uon
380 826 589 901 probandum,
614 826 690 898 quia
712 826 840 887 facilius
863 822 962 903 φαμέν
981 828 1052 888 sive
1072 825 1149 905 φημὶ
1169 844 1268 901 quarn
1281 826 1359 888 ἐστιν

183 942 295 1000 mente
315 939 492 1015 suppletur.
515 939 750 1000 Herwerdenus
770 940 843 1010 (Mu.
869 940 964 1009 1883)
984 936 1085 1019 ἑτέραν
1102 942 1208 1002 delere
1222 943 1358 1019 mavult,

182 1054 269 1125 quod
299 1052 441 1126 alioquin
471 1052 563 1112 Plato
600 1053 721 1134 <τῷ>
755 1048 857 1131 έτέραν
889 1054 940 1113 vel
971 1050 1072 1132 ἑτέραν
1105 1054 1185 1136 <cdi
1213 1052 1356 1134 ἕτέραν>

183 1166 380 1239 scripsisset.
411 1165 545 1239 Egregie
576 1166 626 1226 vir
655 1165 694 1226 cl.
727 1168 814 1227 errat
836 1168 956 1240 putans
979 1167 1158 1243 Platonem,
1185 1169 1240 1241 qui
1263 1169 1358 1229 Thra·

184 1279 381 1352 symachum
404 1279 646 1355 monosyllabis,
672 1281 709 1339 ut
731 1279 950 1359 Franco-Galli
970 1280 1090 1356 dicunt,
1110 1282 1359 1355 respondentem

184 1392 273 1469 facit,
301 1393 422 1475 <rp>
448 1390 548 1471 ἑτέραν
573 1392 625 1452 vel
648 1390 748 1471 ἑτέραν
775 1394 855 1476 (τῆ
879 1390 1021 1472 ἑτέραν>
1048 1393 1186 1454 scribere
1203 1397 1357 1469 potuisse.

128 1501 161 1566 B
185 1507 232 1566 At
270 1506 375 1567 eidem
410 1522 522 1567 vocem
561 1504 662 1585 ἑτέραν
703 1506 823 1568 delenti
857 1508 1027 1568 assentior.
1059 1498 1079 1589 ΙΙ
1111 1508 1233 1567 Deterr.
1268 1509 1357 1569 codd.

183 1621 358 1681 lectionem
381 1616 486 1679 διὰτὸ
510 1616 669 1699 ξυμφέρειν
692 1623 759 1693 (pro
783 1619 809 1678 d.
833 1642 855 1678 τ.
880 1616 1043 1697 ξυμφέρον)
1063 1624 1151 1682 recte
1170 1626 1359 1697 receperunt

184 1749 301 1794 omues
323 1734 413 1794 editt.
438 1733 641 1804 (Schneidero
665 1736 698 1794 et
717 1732 830 1794 Stallb.
851 1730 1019 1808 exceptis).
1041 1734 1131 1796 Licet
1149 1736 1253 1797 dicere
1272 1733 1359 1815 ῦγιῆς

183 1846 318 1927 γίγνηται
347 1844 409 1918 [διὰ
435 1845 479 1917 τὸ]
504 1843 655 1925 ξυμφέρον
678 1849 736 1907 aut
759 1844 809 1906 διὰ
831 1845 864 1906 τὸ
887 1845 1057 1925 ξυμφέρειν,
1079 1853 1114 1909 at
1136 1850 1270 1910 tertium
1293 1865 1357 1911 non

184 1962 290 2021 datur.
320 1994 359 2004 -
384 1961 480 2022 Illam
502 1960 687 2039 μισθωτικὴν
709 1958 814 2040 τέχνην
836 1964 973 2023 eandem
997 1977 1069 2023 esse
1092 1977 1130 2023 ac
1153 1961 1207 2040 τὴν
1231 1967 1358 2041 μισθαρ-

183 2071 310 2151 νῆτικῆν
336 2077 469 2149 κραταιοῦ
491 2092 533 2136 ex
555 2076 661 2137 hisce:
685 2076 718 2135 in
742 2076 767 2135 B
791 2076 825 2135 in
848 2090 951 2148 aequo
973 2078 1145 2151 ponuntur,
1170 2076 1208 2137 ci.
1234 2073 1305 2136 οὐδέ
1327 2070 1355 2155 μ’

184 2180 268 2266 οἶμαι
289 2186 344 2264 τὴν
367 2187 551 2265 μισθωτικὴν
575 2188 759 2269 έατρικήν-
776 2187 830 2266 τὴν
854 2186 988 2267 ἰατρικὴν
1011 2188 1259 2268 μισθαρνητικήν,
1281 2190 1314 2249 in
1336 2190 1358 2251 O

184 2297 298 2379 (φαμέν
328 2299 362 2361 δέ
390 2324 422 2382 γε
445 2300 477 2361 τὸ
504 2301 615 2378 μισθὸν
638 2299 824 2380 ἀρνυμένους
846 2298 909 2380 κτλ)
932 2300 965 2361 τὸ
986 2300 1097 2379 μισθὸν
1120 2298 1272 2381 ἄρνυσθαι
1295 2319 1358 2363 non

184 2416 292 2476 differt
334 2430 355 2475 θ
384 2424 432 2500 ’τῇ
472 2420 648 2499 μισθωτικῇ,
687 2417 722 2477 in
756 2416 782 2475 D
817 2411 836 2493 ἡ
872 2412 1092 2494 μισθαρνητικὴ
1127 2413 1238 2493 μισθὸν
1273 2411 1360 2492 κατεῖ,

186 2529 271 2591 sicut
300 2529 334 2590 in
361 2529 390 2590 Α
411 2524 430 2607 ἡ
455 2527 620 2607 μισθωτικὴ
644 2527 756 2607 μισθὸν
777 2526 940 2610 παρέχεται.
965 2530 1058 2605 Apud
1082 2530 1163 2591 alios
1186 2531 1358 2605 scriptores

186 2643 378 2704 vocabulum
413 2659 477 2704 non
511 2644 656 2704 recurrit.
693 2644 892 2705 Adverbium
926 2647 1112 2720 μισθατικῦος
1144 2645 1276 2705 obvium
1308 2659 1357 2718 ap.
1467 2645 1473 2656 ‘

185 2757 394 2818 Eustachium
422 2757 537 2831 Odyss.
560 2772 591 2832 p.
618 2758 713 2832 1695,
738 2760 790 2818 36.
815 2757 915 2818 Valde
939 2757 1040 2817 miror
1062 2757 1230 2817 Platonem
1255 2757 1358 2817 eidem

79 2860 105 2928 6
127 2863 161 2928 Ι)
185 2871 232 2930 rei
255 2871 318 2930 duo
339 2871 472 2932 uomina
494 2871 659 2932 indidisse.
681 2862 701 2954 ΙΙ
722 2873 805 2945 Lege
825 2881 861 2954 τῆ
881 2875 1045 2954 μισθωτικῇ
1069 2867 1185 2954 [τέχνῆῆ
1207 2861 1226 2953 ΙΙ
1248 2870 1362 2930 Carere

187 2999 362 3058 possumus
387 2985 493 3044 verbis
515 2979 534 3060 ἡ
558 2992 611 3043 τοῦ
631 2989 744 3061 μισθοῦ
764 2988 865 3061 λῆψις,
884 2998 966 3056 quae
986 2985 1053 3045 cod.
1076 2984 1235 3044 Malatest.
1258 2998 1301 3043 m.
1315 2998 1361 3056 pr.

134 3091 309 3158 Eomisit.
340 3098 378 3156 In
408 3098 479 3157 Par.
508 3099 536 3156 A
564 3100 654 3174 λῆψις
678 3098 807 3172 punctis
829 3099 990 3158 notatum.
1016 3098 1158 3158 Delenda
1180 3110 1305 3156 censeo.
1331 3085 1351 3177 ΙΙ

186 3211 270 3284 Lege
294 3201 404 3286 ὧφέιε
425 3211 637 3289 [Θρασύμαχεῆ
655 3211 732 3284 quia
751 3202 774 3270 ὦ
794 3209 861 3286 φίλε
884 3211 973 3288 Θρασ.
993 3211 1081 3271 valet
1101 3210 1363 3286 ,οοαιο,ι111οοῦο

185 3323 295 3397 Thr.,'’
320 3338 383 3396 qua
406 3325 619 3400 appellatione
644 3326 793 3386 Socrates
817 3340 878 3385 nec
900 3323 1013 3395 παίζων
1036 3340 1095 3385 nee
1119 3321 1296 3394 σπουδάζον
1316 3323 1363 3383 uti

186 3437 322 3510 poterat,
355 3438 411 3496 sed
442 3429 465 3496 ὦ
496 3436 563 3513 φίλι
587 3453 701 3512 parum
726 3439 833 3499 differt
858 3440 898 3498 ab
922 3429 945 3496 ὦ
970 3433 1069 3516 ’μαθέ
1092 3451 1155 3510 quo
1178 3437 1274 3496 modo
1297 3437 1361 3496 iarn

186 3551 263 3620 (345
277 3550 316 3619 A)
341 3564 415 3610 eum
440 3550 623 3624 appellavit.
639 3553 754 3612 -Pro
777 3549 969 3629 ἀνορθοῦντα
994 3551 1152 3611 Eusebius
1173 3550 1278 3620 (Astio
1298 3566 1363 3624 pro-

187 3662 294 3731 bante)
316 3661 545 3741 ἕτανορθοῦντα
565 3664 705 3724 exbibet.
728 3664 808 3725 Cum
831 3665 963 3739 saepius
976 3661 1131 3741 ἀνορθοῦν
1143 3664 1227 3737 apud
1240 3663 1364 3724 Platon.

186 3776 319 3836 obvium
350 3776 404 3849 slt,
435 3776 481 3835 nil
512 3777 707 3837 mutandum
738 3793 871 3852 censeo;
902 3778 949 3837 sic
970 3778 1065 3850 juxta
1088 3773 1202 3835 έννοεῖν
1225 3778 1365 3850 simplex

186 3893 268 3947 νοεῖν
288 3903 519 3962 nonnunquam
541 3905 590 3963 ap.
612 3890 783 3950 Platonem
804 3891 946 3951 obvium.
967 3890 1042 3951 Mox
1063 3891 1184 3965 corrige
1204 3893 1251 3951 sis
1271 3894 1366 3962 καλῶς

185 3999 240 4077 τὴν
267 3997 372 4080 τέχνην
394 4001 517 4089 κράζειν
541 4003 592 4073 (cf.
618 4003 682 4063 374
695 4004 724 4062 A
748 4000 852 4081 τέχνην
876 4001 1079 4083 έργάζεσθαι);
1104 4000 1209 4081 τέχνην
1231 4002 1366 4080 πράττειν

154 4198 160 4208 .
186 4117 238 4176 est
262 4117 368 4177 artem
391 4131 551 4177 exercere.

37 4234 102 4292 347
131 4227 163 4293 A
232 4230 356 4292 Oollato
384 4229 485 4289 348E
509 4230 562 4290 hic
584 4230 758 4303 legendum
782 4245 898 4291 censeo
921 4228 964 4302 (έν
988 4237 1102 4308 μισθοῦ
1126 4228 1215 4309 μέρει)
1237 4227 1367 4306 τέθηκας

186 4360 244 4420 pro
267 4343 394 4423 εἴρηκας.
419 4341 464 4403 cf.
490 4342 657 4403 Demosth.
679 4345 753 4419 626,
775 4346 794 4405 6
816 4343 857 4415 εές
877 4341 1042 4422 εὐεργεσίας
1062 4341 1149 4422 μέρος
1169 4340 1368 4421 καταθέσθαι,

187 4459 263 4519 ibid.
296 4460 371 4534 668,
404 4459 446 4520 26
476 4455 513 4517 οὗ
544 4455 649 4534 τίθημι
672 4454 704 4516 έν
728 4455 910 4535 ἀδικήματος
934 4456 1020 4538 μέρει.
1050 4493 1088 4504 -
1114 4458 1253 4533 Optimls
1278 4458 1367 4518 codd.

187 4569 225 4631 od
260 4572 375 4648 ξυνῆκα
406 4573 474 4642 [κα]
499 4570 726 4645 praebentibus
753 4571 820 4631 fere
843 4587 956 4632 omnes
980 4573 1072 4632 editt.
1097 4574 1184 4633 recte
1208 4572 1368 4646 obtempe-

187 4687 310 4745 rarunt.
345 4716 386 4728 -
414 4683 475 4743 Pro
499 4682 602 4759 ξυνίης
625 4683 696 4743 Par.
722 4684 750 4742 A
773 4684 906 4745 exhibet
929 4684 1048 4761 ξυνιεῖς,
1070 4685 1117 4748 sic
1140 4688 1227 4747 recte
1252 4686 1364 4748 Herm.
