3417 5175
926 407 968 467 30

359 593 494 656 Photius
523 596 664 655 testetur
693 609 728 654 se
756 594 871 654 Boethi
894 594 992 655 libros
1016 592 1146 667 (Λέξεων
1171 598 1305 657 maroc.
1330 614 1432 679 ovvay.
1457 600 1531 661 κατὰ

360 713 501 787 στοιχεῖον
530 711 563 769 θλ
594 706 669 787 Περὶ
698 716 757 768 τῶν
787 706 869 788 παρὰ
902 707 1040 769 Πλολτοονι
1068 707 1283 789 ἀπορουμένων
1305 709 1420 786 λέξεων)
1445 717 1530 777 adhi-

359 822 470 883 buisse
492 823 654 896 simulque
678 824 711 883 in
733 824 775 884 iis
797 824 887 900 locis,
912 824 966 884 ubl
990 822 1086 902 νυνδὴ
1107 825 1193 885 idern
1216 828 1314 900 atque
1335 824 1529 907 &prevaleat

359 949 377 994 e
400 937 534 998 Platone
553 938 661 998 locum
680 939 841 1011 quendam
862 939 968 1012 (segg.
991 940 1054 999 683
1074 940 1109 1011 lt)
1130 940 1289 1016 citaverit,
1310 943 1448 1005 dubitari
1466 959 1530 1005 non

357 1052 465 1125 potest
497 1052 574 1125 quin
608 1052 677 1126 ipse
710 1052 854 1114 Boethus
886 1067 983 1126 super
1014 1053 1102 1114 vocis
1133 1051 1229 1130 νυνδὴ
1261 1070 1323 1115 νεα
1354 1058 1529 1133 scripserit,

356 1166 439 1239 quod
470 1166 541 1226 sine
571 1166 667 1227 dubio
697 1181 761 1226 non
791 1166 933 1243 iecisset,
966 1168 994 1227 si
1027 1166 1123 1245 νυνδὴ
1149 1183 1168 1228 a
1191 1168 1356 1230 Platonico
1380 1186 1529 1232 sermone

357 1280 479 1341 afuisse
502 1282 724 1355 comperisset.
744 1281 880 1341 Photius
899 1282 978 1342 haec
998 1282 1113 1343 habeb:
1136 1281 1241 1360 νυνδή·
1261 1280 1367 1359 ἀρτίως
1386 1279 1406 1362 ἣ
1425 1284 1530 1363 μικρὸν

359 1394 536 1475 ἔμπροσθεν.
570 1393 686 1473 Νόμοις
717 1398 792 1467 (683
822 1396 867 1466 lul·
899 1393 919 1476 ἢ
950 1396 1047 1475 νυνδὴ
1074 1393 1185 1477 [ὀλίγον
1208 1395 1378 1477 ἔμπροσθεν
1402 1398 1532 1468 (delevit

358 1512 482 1581 Badn.)]
506 1509 620 1579 τούτοις
643 1512 701 1567 κτλ.
720 1502 774 1567 Ἐν
799 1505 831 1568 δὲ
852 1516 914 1583 τοῖς
938 1510 1053 1589 Νόμοις
1077 1514 1153 1583 (629
1176 1513 1212 1583 D)
1237 1510 1531 1590 διαλελυμένον

358 1623 474 1702 εἴρηκεν
496 1622 528 1683 τὸ
552 1618 606 1700 μὲν
629 1631 686 1682 νῦν
710 1620 758 1682 ἐπὶ
780 1633 833 1684 τοῦ
855 1624 1003 1704 παρόντος
1026 1624 1146 1705 χρόνον,
1168 1622 1200 1685 τὸ
1225 1621 1257 1685 δὲ
1281 1623 1319 1703 δὴ
1339 1622 1388 1685 ἐπὶ
1408 1623 1531 1686 συνδέο-

358 1755 438 1818 μου·ι
458 1734 490 1808 ὃς
515 1734 552 1813 δὴ
575 1736 695 1797 πάντων
718 1746 777 1797 τῶν
800 1736 937 1816 πολέμων
959 1740 1169 1819 χαλεπώτατος,
1192 1739 1231 1812 ὥς
1251 1762 1350 1817 φαμεν
1370 1736 1452 1818 ἡμεῖς
1474 1749 1531 1800 νῦν

358 1845 419 1927 δεῖ.
443 1851 599 1913 Similiter
622 1851 812 1913 Eustatlrius
835 1853 932 1931 νυνδη
957 1855 1154 1915 coniunctim
1168 1846 1189 1923 ¹)
1210 1854 1306 1914 scribi
1325 1857 1480 1930 oportere,
1502 1856 1532 1914 si

358 1965 433 2046 ίίρτι,
451 1964 556 2045 ἀρτίως
576 1968 745 2044 significet,
767 1969 869 2030 docet.
890 1970 936 2030 De
958 1970 1045 2030 vocis
1065 1972 1199 2031 accentu
1213 1944 1405 2043 anrbigitur3
1420 1983 1530 2029 secun·

358 2083 437 2143 dum
459 2081 667 2143 Eustathium
691 2082 788 2159 νύνδη
812 2085 983 2158 (paroxyt.)
1007 2083 1212 2145 scribendum
1226 2078 1247 2154 ²)
1270 2086 1331 2159 est,
1351 2082 1531 2143 secundum

359 2195 526 2285 (iubatum,
550 2198 815 2274 Herwerdenum,
839 2199 921 2259 alios
943 2196 1040 2275 νυνδὴ
1063 2199 1115 2270 (cl.
1137 2196 1263 2275 δηλαδή,
1281 2195 1403 2273 ἐπειδή).
1426 2196 1530 2273 Quum

358 2315 469 2373 nostro
491 2312 525 2371 in
544 2312 613 2373 looo
633 2310 729 2390 νυνδὴ
749 2314 845 2374 scribi
866 2316 1020 2389 oporteat,
1041 2315 1128 2374 recta
1148 2313 1299 2386 Hirschig
1319 2312 1378 2382 (ed.
1397 2310 1531 2383 Gorgiae

362 2427 458 2497 1873)
480 2427 548 2484 V⁸¹1¹
576 2428 609 2487 L.
634 2424 857 2505 ἀποκρίνασθαι
879 2427 1039 2502 probavit.
1314 2505 1316 2509 Ι

213 2532 275 2592 341
305 2526 335 2594 Δ
403 2542 522 2616 Utique
550 2530 722 2614 legendum
752 2538 785 2600 τὸ
808 2548 862 2600 τοῦ
885 2540 1048 2621 κρείττονος
1073 2545 1191 2615 [ποιεῖν]
1218 2538 1379 2620 ξυμφέρον,
1403 2540 1465 2601 vid.
1490 2540 1531 2600 ad

143 2643 145 2646 ’
305 2642 335 2707 Β
360 2657 461 2718 339Ε
484 2657 579 2719 dieta.
604 2646 624 2739 ΙΙ
649 2656 831 2731 stephanus
855 2673 934 2718 voce
957 2655 997 2734 μὴ
1021 2658 1055 2717 ln
1075 2658 1183 2719 verbis
1202 2655 1243 2735 μὴ
1263 2653 1367 2716 λαθὼν
1387 2656 1532 2717 offensus

357 2774 540 2833 correxerat
564 2768 623 2847 μὴν
646 2767 751 2830 λαθὼν
776 2771 826 2832 vel
849 2791 884 2847 με
908 2771 955 2842 (V.
980 2772 1026 2842 L.)
1050 2769 1154 2832 λαθὼν
1177 2772 1235 2843 (sic
1258 2773 1292 2832 et
1314 2773 1396 2846 Ast),
1418 2783 1529 2845 prave,

358 2887 435 2960 quia
464 2883 504 2962 μὴ
536 2886 576 2945 ad
607 2885 712 2945 solum
739 2859 856 2959 partic.
888 2881 992 2944 λαθὼν
1023 2886 1162 2960 pertinet
1193 2889 1226 2947 eb
1257 2901 1296 2947 ea
1320 2884 1417 2946 verba
1444 2883 1531 2942 idem

359 3001 468 3062 valent
490 3007 587 3073 atque
611 2995 670 3057 ιἰπὸ
693 3005 747 3058 τοῦ
770 3005 955 3076 προφανοῦς.
980 2998 1085 3075 Quum
1112 3015 1185 3060 vero
1209 3008 1248 3081 τῷ
1271 2998 1370 3080 λάθρᾳ
1389 3019 1415 3056 τι
1434 2998 1531 3055 ποιεῖν

357 3130 459 3175 unum
481 3111 514 3173 τὸ
538 3111 589 3195 βίᾳ
611 3134 638 3171 τι
660 3088 861 3183 cerefolio.
886 3111 1051 3190 βιάζεσθαι)
1076 3113 1192 3188 opponi
1215 3113 1320 3173 soleat
1340 3112 1390 3183 (cf.
1412 3125 1462 3171 ex.
1482 3123 1529 3182 gr.

358 3229 469 3290 3651)
500 3223 568 3287 ολίεε
590 3225 753 3285 λανθάνειν
777 3221 844 3285 οὔτε
868 3225 1043 3303 βιάσασθαι)
1064 3241 1102 3286 ac
1126 3226 1297 3300 Thrasym.
1322 3225 1427 3286 dicere
1451 3223 1532 3283 velit

356 3341 393 3401 οὐ
424 3339 479 3420 γὰρ
510 3336 548 3398 όν
572 3360 606 3415 με
628 3337 826 3418 κακουργολης
848 3334 915 3398 olive
939 3336 1043 3400 λαθὼν
1067 3335 1133 3398 οότε
1157 3339 1336 3418 βιασόμενος
1360 3337 1419 3408 (sio
1442 3337 1530 3397 reete

356 3457 419 3515 Ast
438 3452 634 3528 explicavit),
654 3467 768 3512 verum
789 3451 909 3512 vidisse
929 3452 1010 3512 mihi
1030 3452 1240 3514 doctissimus
1253 3450 1455 3524 Hirschigius
1469 3449 1529 3519 (ed.

358 3568 451 3641 Gorg.
485 3568 580 3638 1873)
611 3567 738 3627 videtur
767 3567 824 3626 illa
857 3568 953 3628 verba
982 3565 1022 3644 μὴ
1050 3565 1155 3628 λαθὼν
1178 3584 1196 3628 e
1220 3569 1315 3628 textu
1338 3565 1529 3638 eliminans;

357 3682 457 3741 lector
488 3681 605 3753 aliquis
627 3681 661 3740 in
684 3696 749 3754 mg.
774 3677 814 3755 μὴ
838 3677 943 3740 λαθὼν
966 3682 1180 3742 annotaverat
1203 3680 1372 3741 ostendere
1396 3678 1528 3753 cupiens

358 3811 394 3855 se
423 3794 567 3854 Platonis
598 3793 695 3854 verba
724 3793 821 3868 probe
851 3793 1064 3854 intellexisse.
1096 3794 1197 3854 Paulo
1227 3795 1301 3868 post
1331 3791 1452 3864 corrige
1483 3791 1531 3850 sis

360 3908 475 3983 <τὸ>
502 3915 636 3968 τοιοῦτον
667 3904 827 3987 ἐγγένηται.
849 3942 892 3951 --
916 3908 991 3969 Mox
1021 3909 1092 3970 dele
1116 3885 1214 3969 verba
1241 3927 1270 3966 τε
1293 3904 1343 3966 καλ
1366 3904 1417 3965 τὸν
1438 3904 1503 3983 ειρεί
1515 3942 1530 3950 -

356 4046 428 4083 cova
441 4015 475 4098 ⁸),
500 4039 563 4084 non
586 4023 681 4083 modo
704 4023 781 4097 quia
803 4022 898 4083 aliter
921 4024 1090 4096 sequentia
1109 4021 1273 4102 κρείττονος
1292 4017 1378 4091 ὄντος
1397 4035 1530 4095 prorsus

361 4213 578 4222 ——-———-—

388 4355 408 4424 ¹)
425 4360 456 4407 In
472 4356 633 4407 Bodleianoss
648 4357 675 4403 in
691 4356 822 4416 Enthypla
840 4357 871 4402 12
889 4356 912 4402 D
933 4356 1003 4416 νννόη
1021 4355 1177 4403 coniunctim
1196 4353 1321 4415 scriptum
1339 4356 1387 4400 est.

390 4446 411 4513 ²)
430 4449 461 4497 In
484 4449 539 4498 uod.
553 4446 663 4498 vindob.
680 4448 700 4495 F
717 4461 752 4496 m.
769 4460 790 4495 s.
809 4447 841 4493 ud
860 4447 939 4494 asin
956 4447 1066 4494 correxit
1083 4445 1098 4492 ἃ
1116 4451 1156 4494 νύν
1171 4445 1207 4507 dp,
1224 4447 1251 4492 in
1269 4459 1320 4504 mg.
1339 4446 1462 4491 annotans
1481 4441 1529 4502 lter

357 4542 403 4606 πρὸ
421 4543 487 4606 ὥρας’
504 4539 607 4595 ὀξύνεται
625 4539 651 4586 dl
667 4537 911 4596 ἄντεόιαστελλόμιεοε
925 4545 956 4600 τῷ
973 4539 1039 4601 ἁπλῷ
1056 4543 1101 4584 νῦν.

393 4629 413 4691 ³)
430 4637 557 4697 Κριίττονα
575 4644 622 4693 pro
638 4636 733 4695 κρείττω
749 4630 878 4678 seipsum.
892 4628 993 4688 Ubique
1008 4627 1081 4675 Plato
1095 4629 1186 4676 scribit
1195 4633 1289 4693 κρείττω
1298 4627 1356 4685 (340
1366 4621 1397 4690 c),
1407 4629 1528 4689 κρείττους,

355 4716 455 4777 χείρους,
474 4715 538 4772 ἧττα,
556 4716 644 4772 ἥττους,
660 4713 718 4759 alia.
