3417 5175
932 400 972 459 74

361 583 468 644 Troilo
486 592 522 667 τῇ
541 583 745 668 παντομόμφμ
765 581 865 643 Θέτιδι
883 583 1065 661 commin
1083 604 1154 643 ποτε
1174 586 1209 644 st
1223 583 1389 659 Sophoclis
1400 584 1533 648 Achillis

361 699 544 759 Amatores.
568 698 753 759 Bekkerum
775 714 852 759 cum
875 698 1088 760 Valckenaric
1112 695 1180 776 (qui
1203 713 1335 758 versum
1359 698 1531 772 paroemia·

361 826 438 873 cum
460 813 588 886 putavit
611 846 651 853 -
664 820 802 889 νιοιαμοῦ
823 809 929 871 παισὶν
951 810 1109 890 βιοδώροις
1121 808 1177 887 -)
1200 807 1304 869 παισὶν
1328 825 1384 885 pro
1407 807 1493 868 παισὶ
1511 804 1533 887 Ι)

361 926 557 987 scribentem
586 928 656 988 iere
677 943 793 989 omnes
815 928 908 989 editt.
932 929 1037 989 secuti
1059 930 1147 1003 sunt,
1170 927 1219 987 ita
1240 928 1279 986 ut
1302 927 1400 986 verba
1420 920 1534 1003 Ἰνάχου

362 1039 491 1118 Ἀργείου
508 1049 646 1118 ιιοιαμοῦ
663 1039 768 1100 παισὶν
787 1041 946 1120 βιοδώροις
964 1043 999 1101 in
1018 1042 1150 1103 hexam.
1171 1042 1255 1101 daci.
1275 1040 1417 1101 formam
1436 1040 1535 1113 redigi

361 1154 496 1229 possint.
516 1154 700 1216 Dindorhus
717 1155 798 1216 illud
816 1155 971 1229 Aeschyli
989 1155 1147 1215 Xantriae
1162 1155 1383 1229 fragmentum
1396 1145 1447 1230 (n⁰
1461 1150 1533 1229 170)

361 1268 410 1329 sic
431 1268 602 1329 constituit
623 1264 837 1349 ὀρεσσιμόνοισι
857 1266 862 1350 l
882 1268 1017 1345 νύμφαις
1040 1267 1198 1347 κρηνιάσιν
1219 1260 1393 1347 ιινδμαῑσιῗ)
1417 1270 1534 1325 θεαῖσιν

361 1379 469 1461 ἀγείρω
489 1376 629 1464 )Ἰνάχοο
647 1386 706 1441 ννλ.
726 1382 964 1444 Herwcrdcnus
984 1380 1059 1459 (lin.
1083 1380 1181 1459 1883)
1201 1383 1240 1443 ci
1255 1380 1415 1459 βωδόρον,
1426 1395 1532 1454 quam·

361 1510 461 1569 quam
480 1498 514 1556 et
532 1495 726 1556 scholiastes
741 1496 969 1570 Aristophanis
980 1497 1021 1556 ad
1032 1493 1384 1573 Βωο.1344βωδο1ροις
1394 1494 1531 1554 exhibet.

362 1609 462 1670 Paulo
485 1612 562 1671 ante
584 1610 757 1683 legendum
776 1626 894 1679 censeo
914 1607 1117 1687 ἠλλοιωμένην
1135 1609 1178 1681 εἰς
1197 1606 1307 1689 ἱέρειαν
1325 1624 1382 1684 pro
1400 1605 1429 1685 ἠ.
1449 1605 1488 1679 ὡς
1506 1607 1533 1683 i,

362 1739 463 1798 quum
485 1724 519 1784 in
544 1723 676 1797 vulgata
697 1725 836 1786 lectione
848 1720 950 1803 Ἥραν
973 1721 1018 1801 ἠλ.
1038 1720 1078 1795 ὡς
1098 1739 1163 1785 vox
1182 1719 1384 1800 ἠλλοιωμένην
1403 1737 1532 1797 prorsus

362 1837 513 1899 abundet.
544 1838 697 1898 Fortasse
727 1838 862 1912 vulgata
888 1838 1048 1899 servanda
1071 1840 1123 1898 est
1144 1837 1311 1911 participio
1333 1832 1531 1913 ἠλλοιωμένην

311 1945 478 2012 lidelcto.
510 1942 531 2034 Ι)
561 1952 661 2013 Recte
696 1951 836 2013 Oobetus
870 1949 961 2029 (nota
992 1948 1067 2030 ms.)
1098 1951 1241 2012 conexit
1270 1946 1451 2027 ψευδέσθων
1479 1964 1532 2023 pro

360 2061 589 2141 ψευδέσθωααν.
609 2066 713 2143 Quam
729 2066 882 2127 insolitae
894 2066 1061 2127 Graeculis
1073 2066 1201 2127 Atticae
1216 2065 1341 2125 termae
1351 2063 1532 2140 imperativi

360 2181 481 2251 essent,
512 2180 693 2242 luculenter
723 2182 867 2242 ostendit
896 2181 1041 2242 scholion
1071 2181 1112 2240 ad
1143 2195 1283 2253 sequens
1311 2194 1379 2240 voc.
1403 2175 1531 2253 ἐνδειμα-

360 2292 509 2354 ιούνιωνε
529 2291 596 2353 ἀντὶ
614 2302 669 2353 τοῦ
688 2292 971 2372 ἔνδειμαιούτοισαν,
984 2295 1182 2353 mihtin.
1198 2294 1241 2354 Hi
1252 2294 1351 2367 igitur
1367 2292 1429 2353 viri
1441 2290 1531 2365 docti,

362 2406 418 2481 qui
437 2403 567 2466 ἴστωσαν
588 2406 665 2488 (352
679 2410 717 2469 A.
737 2407 868 2487 3541),
888 2404 1108 2483 ψευδέσθωσαν
1127 2402 1203 2489 (381
1217 2406 1255 2484 Ε)
1271 2443 1301 2451 -
1316 2406 1532 2468 Macedonicas

362 2520 486 2581 formas
516 2555 556 2565 -
590 2529 734 2600 servant,
768 2523 868 2584 tacite
902 2521 1094 2598 profitentur
1128 2523 1297 2583 Platonem
1331 2536 1395 2582 non
1429 2520 1532 2580 Attice

361 2634 542 2709 scripsisse.
578 2635 809 2711 corrigendum
839 2639 918 2712 puto
947 2637 978 2696 τί
1002 2636 1069 2709 δαίς
1098 2635 1185 2714 (vide
1215 2637 1302 2696 dicta
1332 2636 1373 2696 ad
1405 2637 1469 2696 343
1481 2631 1532 2710 Α),

292 2755 301 2768 ·
361 2763 462 2823 quum
493 2749 672 2811 verisimile
702 2751 747 2811 sit
776 2751 944 2812 Socratem
973 2751 1141 2811 Adimanti
1171 2765 1363 2824 responsum
1395 2749 1531 2822 aliquan·

360 2863 467 2924 tulum
491 2863 648 2924 miratum
671 2880 754 2925 esse.
1531 2869 1533 2872 ’

216 2977 280 3037 382
308 2975 337 3041 Β
405 2977 477 3038 Par.
508 2968 641 3038 A10m.
671 2980 801 3053 propter
820 2979 1014 3040 homoeotel.
1039 2979 1138 3040 verba
1163 2976 1214 3036 καὶ
1236 2975 1386 3054 ἐψεῦσθαι
1410 2974 1533 3053 (eadem

361 3107 405 3152 m.
429 3089 525 3168 ads).
551 3125 590 3136 -
611 3092 690 3152 Dele
711 3092 938 3153 foedissimum
963 3091 1127 3153 emblema
1148 3089 1198 3150 καὶ
1222 3089 1328 3168 ἀμαθή
1353 3084 1439 3167 εἶναι,
1461 3089 1533 3164 qula

360 3205 394 3266 ih
423 3206 634 3281 sequentibus
668 3202 754 3283 (ἀλλὰ
777 3203 837 3282 μὴν
861 3201 1010 3284 ὀρθότατά
1032 3199 1055 3284 γ’
1085 3201 1124 3264 ἂν
1137 3251 1143 3263 ,
1157 3251 1164 3263 .
1177 3251 1204 3264 ..
1234 3213 1321 3264 τοῦτο
1351 3201 1391 3276 ὣς
1414 3200 1532 3280 ἀληθῶς

360 3318 474 3395 ψεῦδος
503 3322 621 3379 καλοῖτο
649 3314 670 3396 ἠ
701 3315 734 3377 ἐν
755 3328 792 3402 τῇ
814 3327 898 3401 ψυχῇ
922 3314 1040 3398 ἄγνοια)
1064 3319 1198 3380 demum
1220 3318 1300 3380 illud
1326 3317 1441 3394 ψεῦδος
1463 3314 1531 3377 defi·

359 3433 457 3493 nitur.
482 3432 516 3492 Si
539 3433 639 3492 verba
660 3431 717 3492 illa
735 3432 877 3505 genuina
894 3434 1015 3509 essent,
1036 3433 1106 3492 sine
1125 3432 1221 3494 dubio
1240 3433 1333 3493 Plato
1352 3429 1534 3505 scripsisset

362 3542 437 3622 ἔχειν
467 3565 491 3603 ι.
521 3566 548 3602 ν.
578 3550 740 3622 κεκτῆσθαι
770 3542 803 3604 τὸ
825 3545 941 3620 ψεῦδος
963 3543 1014 3605 καὶ
1035 3544 1090 3623 τήν
1113 3543 1250 3623 ἀμαθίαν
1273 3549 1307 3606 et
1329 3542 1457 3621 ἀμαθεῖς
1479 3556 1533 3618 pro

361 3654 478 3735 ἀμαθῆ,
500 3659 586 3719 sicut
608 3660 641 3719 in
663 3657 685 3736 ξ
708 3661 737 3720 Α
760 3657 885 3738 ἑαυτῶν,
907 3676 972 3722 non
994 3659 1101 3721 ἑαυτοῦ
1122 3662 1262 3736 scripsit.
1284 3694 1325 3704 —
1346 3659 1534 3721 Dubitanter

361 3771 525 3833 Herwcrd.
562 3764 639 3855 (lin.
674 3772 772 3853 1883)
804 3775 843 3835 ci.
876 3783 995 3851 μισοῦσι
1025 3775 1148 3853 μάλιστα
1179 3772 1252 3834 αὐτὸ
1281 3771 1318 3833 lv
1341 3779 1457 3834 τοιαῦτα
1479 3785 1534 3845 pro

360 3909 390 3963 μ.
413 3909 442 3964 μ.
466 3883 494 3945 ἂ.
517 3883 550 3946 ἒν
572 3897 612 3970 τῷ
634 3889 757 3973 τοιούτῳ
782 3889 927 3964 (Gampb.
956 3890 1008 3964 „in
1031 3890 1112 3951 such
1135 3904 1154 3949 a
1177 3886 1297 3965 Μεθ’),
1321 3887 1379 3948 ssd
1402 3886 1533 3959 vulgata

360 4000 479 4063 clarius
502 4000 646 4062 Platonis
666 4005 811 4063 mentem
832 4001 965 4079 (μισοῦσι
984 4002 1107 4080 μάλιστα
1126 4001 1200 4062 αὐτὸ
1220 4001 1291 4062 ὅταν
1311 3998 1343 4060 ἕν
1362 4009 1397 4084 τῇ
1409 3989 1533 4082 puniti)

360 4130 459 4190 quam
493 4115 702 4178 Herwerdeni
737 4127 770 4177 c⁸
795 4118 909 4191 aperit.
943 4151 984 4162 —-
1017 4118 1090 4179 Mox
1121 4117 1192 4190 lege
1222 4111 1319 4192 νονδή
1351 4116 1372 4176 i.
1404 4129 1432 4174 a.
1463 4109 1535 4190 ἄρα,

360 4245 461 4304 quum
497 4230 647 4291 Socrates
681 4245 730 4304 ea,
765 4245 848 4304 quae
880 4246 977 4305 supra
1008 4228 1040 4307 (ξ
1069 4232 1099 4291 Α
1129 4232 1172 4291 iu.
1204 4227 1260 4290 οὐκ
1293 4221 1384 4288 οἶσθα
1407 4225 1451 4286 ὅτι
1474 4222 1532 4302 ννλ)

360 4343 507 4419 uixisset,
540 4344 702 4419 respiciat.
734 4344 854 4405 Deinde
885 4345 956 4406 dele
986 4346 1084 4405 verba
1114 4339 1133 4421 ἠ
1165 4351 1218 4404 τοῦ
1241 4338 1439 4420 ἐψευσμένον,
1460 4338 1532 4414 quia

394 4611 415 4680 ¹)
432 4617 474 4664 sic
492 4618 518 4663 st
535 4617 696 4664 scholiastes.
924 4679 961 4703 Α

392 4703 413 4768 ²)
431 4707 542 4756 Osssurs
558 4708 658 4757 vitiosa.
675 4709 743 4757 Num
760 4708 883 4774 κνδραλσιν
900 4708 1009 4756 tisicus?
