3417 5175
908 362 948 423 10

338 548 441 609 editor
463 549 549 608 Astii
572 552 632 610 cam
655 549 792 622 ξυνόντες
815 567 872 626 pro
898 551 1027 624 vulgato
1047 549 1195 623 ξυνιόντες
1215 550 1335 624 recepit
1354 565 1412 610 nec
1432 565 1510 611 sane

339 664 409 720 erat
432 676 488 721 cur
511 661 601 723 codd.
626 663 785 738 scriptura
807 663 1045 724 sollicitaretur.
1070 663 1272 739 Quamquam
1297 664 1422 736 egregie
1442 679 1510 738 par·

338 773 447 848 ticipio
478 774 626 846 ξυνιόντες
657 791 765 837 carere
796 792 981 853 possumus,
1006 777 1101 836 senili
1122 778 1234 836 tamen
1259 776 1396 837 orationi
1418 776 1510 837 relin-

339 890 503 960 quendum
524 891 583 950 est.
605 890 715 951 Heller
732 905 858 963 quoque
878 889 960 961 (Gur.
982 890 1058 952 Orit.
1077 905 1106 964 p.
1131 893 1160 960 7)
1172 890 1326 950 traditam
1338 890 1510 951 lectionem

339 1002 489 1063 defendit.
512 1037 553 1045 -
574 1003 822 1065 Varia-lectione
841 1003 950 1074 πότους
966 1025 996 1062 τε
1008 1000 1058 1061 τι)
1070 1002 1193 1081 εόυχίυις
1206 1003 1263 1074 (sic
1276 1003 1387 1063 Stallb.
1404 1004 1510 1080 1829),

339 1129 437 1186 quam
457 1110 640 1190 complures
659 1118 747 1178 codd.
769 1134 795 1178 c.
817 1118 911 1178 Stob⁰
931 1117 1095 1193 praebent,
1108 1113 1512 1194 1115111οτιότους,εόυχίυις,

339 1222 401 1286 ἀλλ’
435 1225 505 1287 όττιι
535 1232 691 1304 tanquam
724 1232 756 1291 in
780 1247 879 1292 unam
904 1232 1107 1306 voluptatum
1132 1231 1273 1305 speciem
1297 1230 1512 1291 coalescentia

339 1341 457 1402 melius
489 1337 596 1404 verbis
623 1344 741 1424 περίτι
764 1343 941 1424 τάφροδίσια
964 1348 1183 1420 opponuntur;
1208 1344 1247 1405 cf.
1272 1358 1323 1403 ex.
1348 1359 1394 1416 gr.
1421 1345 1512 1403 3320

288 1449 484 1534 Βφάρμοιιιά
514 1460 571 1516 κτλ.
604 1454 717 1519 3311).
751 1458 852 1520 38οΕ
883 1459 963 1530 (bis).
988 1459 1052 1520 398
1065 1459 1100 1519 D.
1125 1459 1240 1518 411A.
1266 1457 1372 1517 46οΑ
1396 1458 1455 1517 etc.
1480 1447 1500 1539 Η

341 1567 423 1629 (ilar.
455 1570 492 1631 R.
521 1572 556 1632 B.
581 1572 763 1646 Hirschigio
787 1573 886 1644 (Misc.
912 1572 991 1633 Phil.
1017 1574 1049 1632 et
1072 1573 1106 1632 P.
1134 1573 1229 1641 1851)
1253 1566 1338 1629 ἕνειιό
1361 1591 1393 1649 γε
1415 1568 1512 1649 γήρως

340 1683 460 1744 delenti
490 1700 586 1746 nemo
617 1687 720 1747 adhuc
751 1686 997 1762 obtemperavit,
1025 1688 1060 1745 at
1082 1686 1145 1745 tria
1167 1684 1224 1745 illa
1248 1685 1346 1745 verba
1369 1684 1512 1745 scholion

340 1801 418 1858 sunt
447 1800 487 1859 ad
517 1794 597 1859 τοῦτ’
630 1800 726 1860 αἴτιον
757 1802 966 1875 adscriptum.
995 1801 1065 1861 Non
1095 1800 1214 1872 legisse
1246 1799 1372 1859 videtur
1405 1796 1512 1858 Cicero

340 1913 419 1985 (Cat.
441 1914 481 1975 M.
503 1917 532 1975 3.
559 1916 598 1991 7),
623 1931 697 1976 cum
722 1916 856 1975 verterit
883 1916 983 1991 „Nam
1008 1916 1034 1974 si
1059 1915 1090 1975 id
1114 1914 1208 1988 culpa
1231 1911 1409 1973 senectutis
1433 1910 1512 1970 acci·

340 2028 440 2104 deret,
461 2028 574 2088 eadem
595 2029 676 2088 mihi
695 2045 756 2088 usu
779 2029 926 2089 venirent
949 2028 1143 2101 reliquisque
1167 2026 1317 2087 omnihus
1337 2024 1513 2085 maioribus

339 2144 451 2204 natu.'’
475 2143 627 2220 Verbosa,
651 2159 715 2204 non
738 2145 871 2218 puerilis
895 2142 1025 2217 cephali
1048 2142 1150 2202 oratio
1174 2142 1233 2202 est.
1257 2140 1393 2200 —Illud
1417 2139 1511 2199 abun·
1581 2128 1584 2132 ”

339 2259 420 2319 dans
451 2253 509 2333 ἔφη
540 2258 574 2317 111
604 2254 779 2341 ἐρωτωμένῳ
803 2255 863 2317 ὑπό
885 2273 978 2327 τινος·
1002 2264 1075 2331 πῶς,
1097 2254 1169 2332 ἔφη
1192 2255 1356 2315 illustrent
1379 2252 1512 2327 Apolog.

342 2368 422 2429 2οΒ
441 2377 546 2430 τοῦτον
566 2361 622 2429 οὖν
641 2368 797 2449 ἀνηρόμην
807 2416 879 2429 .....
901 2362 924 2429 ὦ
945 2368 1069 2446 Καλλία,
1086 2359 1125 2446 ἦν
1146 2363 1174 2427 δ’
1191 2366 1246 2448 ἐγώ
1267 2371 1300 2428 et
1319 2366 1513 2442 Rep.44913

295 2474 385 2547 Οῶν
413 2478 482 2542 ἀλλο
513 2480 566 2559 μὲν
595 2487 653 2543 υτ).
678 2476 698 2567 ΙΙ
725 2485 836 2544 Denuo
860 2483 940 2543 mihi
964 2499 1039 2543 cum
1064 2483 1243 2555 Hirschiglo
1268 2480 1390 2552 (Philol.
1417 2481 1513 2544 18541

340 2597 460 2658 delenti
480 2598 643 2672 (probante
665 2597 782 2659 (lobeto
802 2599 865 2659 Mn.
889 2599 985 2669 1855)
1006 2600 1103 2659 verba
1119 2596 1159 2656 ἔτι
1172 2589 1233 2668 οἷός
1302 2595 1515 2674 συγγίγνεσθαι

340 2711 533 2772 faciendum.
558 2713 705 2771 Primum
730 2712 838 2773 Cicero
864 2711 941 2783 (Cat.
970 2714 1020 2783 14)
1042 2714 1076 2772 et
1094 2712 1202 2772 Theon
1224 2712 1326 2784 (Prog.
1347 2725 1377 2784 p.
1404 2708 1455 2778 14)
1474 2723 1515 2768 ea

342 2825 439 2885 verba
459 2826 649 2900 omiserunt,
670 2827 742 2886 dein
766 2827 976 2888 Plutarchum
997 2826 1092 2888 modo
1112 2827 1159 2886 sic
1180 2821 1195 2885 ὁ
1214 2828 1294 2900 Σοφ.
1314 2819 1472 2902 ἐρωτηθεὶς
1489 2823 1517 2882 εἰ

341 2937 466 2998 δύναται
483 2933 503 3010 1)
522 2935 642 3019 γυναικὶ
661 2940 841 3017 πλησιάζειν,
861 2939 1002 3018 εὐφήμει.
1013 2985 1034 2997 ..
1056 2933 1146 3015 εἶπεν,
1166 2940 1260 3000 1110ᾱο
1280 2939 1327 2999 sic
1340 2934 1356 2997 ὃ
1368 2935 1423 3017 γὰρ
1434 2940 1515 3012 Σοφ.

341 3048 467 3128 ἀσμενος
498 3050 556 3130 ἔφη
587 3050 623 3111 τά
646 3050 806 3132 ἀφροδίσια
828 3051 998 3133 γεγηρακὼς
1022 3049 1261 3132 ἀποπεφευγέναι
1285 3053 1420 3113 eandem
1444 3066 1515 3111 rem

341 3169 528 3227 narrantem
545 3169 636 3242 patet
648 3183 739 3228 mere
755 3184 858 3242 neque
879 3170 994 3228 exacta
1006 3167 1194 3243 paraphrasi
1213 3181 1310 3227 usum
1331 3180 1413 3226 esso.
1427 3164 1516 3240 Quae

341 3297 414 3342 cum
448 3284 559 3341 temen
591 3281 687 3341 alicui
717 3283 807 3356 parvi
840 3283 997 3343 momenti
1029 3282 1221 3354 argumenta
1253 3279 1353 3341 videri
1380 3278 1515 3352 possint,

343 3395 402 3454 hoc
433 3394 559 3453 addam.
587 3394 692 3454 Verba
715 3404 777 3465 τινος
803 3393 874 3473 ἔχεις
897 3393 971 3474 πρὸς
994 3391 1170 3471 τάφροδίσια
1195 3393 1331 3454 minime
1355 3397 1517 3464 (summae
1620 3435 1622 3438 -

343 3507 430 3566 enim
462 3507 656 3567 rusticitatis
686 3509 791 3568 fuerat
822 3509 888 3568 tale
920 3509 994 3582 quid
1027 3511 1149 3580 rogare)
1179 3506 1361 3580 significant
1387 3505 1518 3582 „Adhuc

342 3621 382 3679 ad
406 3635 458 3680 res
484 3623 631 3682 venerias
655 3623 792 3682 utendas
815 3622 930 3683 vales?
954 3623 984 3693 (i.
1010 3636 1037 3681 e.
1058 3619 1143 3680 Esne
1162 3620 1303 3681 nondum
1324 3622 1394 3679 tarn
1414 3619 1518 3679 decre·

342 3734 429 3807 pitus
452 3735 544 3795 utin
568 3736 654 3796 coitu
678 3751 718 3795 ne
742 3751 873 3796 corruas
900 3735 1097 3808 metnesl),”
1119 3735 1176 3794 scd
1199 3734 1372 3809 „Adhuone
1393 3729 1519 3808 ἀφροδι-

343 3847 451 3918 σιόζειν
486 3848 596 3909 soles?
632 3850 663 3919 (i.
700 3865 726 3910 e.
763 3850 909 3910 adhucne
944 3848 1072 3909 veneris
1106 3848 1311 3908 irritamenta
1345 3846 1517 3921 sentlsll'’‚

342 3962 491 4035 quocirca
509 3977 713 4035 nequaquam
736 3963 827 4035 sequi
854 3963 962 4036 potest
988 3961 1162 4037 „Adhucne
1182 3961 1222 4021 ad
1242 3961 1423 4021 coeundum
1442 3973 1518 4020 cum

342 4075 478 4136 muliere
503 4075 638 4136 vales?”
662 4076 746 4136 Eum
769 4091 883 4135 verum
899 4070 919 4147 ²)
944 4091 1016 4136 esse
1040 4091 1174 4136 sensum
1194 4077 1294 4137 etiam
1316 4089 1333 4135 e
1353 4073 1519 4148 Sophoclis

340 4205 494 4264 responso
525 4189 611 4251 claro
642 4190 748 4251 elucet
782 4186 996 4266 „dopevolruro
1028 4186 1126 4266 μέντοι
1158 4187 1231 4249 οιάτὸ
1259 4185 1414 4266 ἀπέφυγον
1437 4188 1518 4262 κιλ,”

340 4304 361 4363 1.
375 4319 402 4363 ο.
420 4305 456 4363 ut
476 4303 637 4365 Ciceronis
659 4303 766 4364 verbis
786 4304 860 4362 utar
883 4303 1117 4379 „libentissime
1135 4303 1232 4363 istinc
1252 4301 1377 4377 profugi
1387 4302 1416 4376 ;”
1440 4299 1520 4360 illud

375 4583 394 4649 ¹)
411 4588 507 4647 Utique
524 4590 663 4648 legendum
682 4594 722 4638 est
744 4593 835 4647 (ἔτι)
858 4591 953 4638 δύναται
972 4592 1062 4649 γυναικὶ
1080 4555 1127 4636 τινὶ.

373 4660 394 4726 ²)
412 4666 501 4714 Gioero
517 4666 581 4730 (Ost.
597 4671 638 4727 47)
655 4671 736 4727 „Cum
746 4670 933 4735 exeoquidam
943 4671 1079 4730 quaereret
1087 4671 1237 4716 utereturne
1246 4667 1325 4713 rebus
1334 4665 1443 4716 veneriis
1453 4667 1522 4711 etc.'¹
