3417 5175
880 400 922 461 20

313 585 345 648 rb
376 585 483 665 κλέψαι
514 592 631 651 natura
658 589 756 673 λάθρᾳ
787 590 856 650 fleri
888 590 979 666 solet,
1012 588 1043 649 rb
1067 589 1193 663 πατάξαι
1217 593 1250 652 et
1273 589 1304 651 rb
1329 589 1487 671 ἐμποιῆσαι

313 701 405 761 νόσον
428 704 540 764 furtim
564 704 633 765 fleri
657 720 790 765 necesse
814 704 867 765 sit.

169 816 232 874 334
264 813 290 877 Β
358 818 463 893 Quum
487 819 585 879 verba
604 826 690 878 ιούιο
710 814 809 894 μέντοι
827 816 925 896 ἔμοιγε
945 818 1030 877 δοκεῖ
1045 815 1084 876 ἔτι
1105 818 1286 891 significent
1310 820 1484 894 „Attamen

311 930 390 991 illud
422 932 526 991 adhuc
555 936 650 993 teneo
678 932 868 1006 justititiam
893 933 976 1007 ete’',
997 936 1052 991 οιιδ
1071 947 1139 992 voc.
1160 926 1179 1008 ἡ
1201 932 1377 1008 δικαιοσύνη
1397 934 1484 994 indu·

312 1044 450 1103 cendum
473 1047 534 1119 est,
558 1046 586 1105 si
608 1046 739 1119 vulgata
759 1040 883 1120 ὠφελεῖν
905 1048 937 1105 et
957 1044 1096 1122 βλάπτειν
1116 1050 1275 1121 servatur,
1297 1048 1373 1120 quia
1392 1056 1488 1125 ιούιο,

312 1174 376 1218 non
406 1152 425 1234 ἡ
450 1158 625 1235 δικαιοσύνη
650 1159 834 1232 subjectum
859 1159 953 1219 verbi
971 1158 1056 1218 δοκεῖ
1076 1161 1137 1236 est,
1162 1160 1411 1233 perlegendum
1436 1163 1486 1221 est

314 1287 388 1331 cum
412 1272 498 1332 Ven⁰
522 1274 555 1329 Π
575 1268 685 1348 ὠφελεῖ
703 1274 748 1342 (et
766 1270 907 1349 βλάπτει),
929 1287 1128 1345 quamquem
1150 1276 1183 1334 et
1202 1274 1250 1333 sic
1269 1276 1396 1348 egregie
1409 1290 1487 1335 voce

310 1380 330 1461 ἡ
354 1384 529 1463 δικαιοσύνη
552 1401 661 1447 carere
684 1401 869 1460 possumus.
891 1386 968 1446 Mihi
986 1386 1072 1461 prior
1092 1388 1185 1461 ratio,
1207 1402 1270 1461 qua
1283 1387 1485 1449 Polemarchi

263 1498 287 1567 (i
310 1500 413 1561 oratio
433 1501 538 1573 magis
557 1501 685 1561 concisa
700 1499 747 1576 iit,
760 1500 876 1575 placet.
902 1491 921 1583 ΙΙ
946 1501 1150 1576 Quamquam
1164 1502 1343 1562 mediocres
1355 1504 1483 1562 tantum

311 1614 437 1674 codices
470 1612 576 1689 φίλους
611 1609 643 1672 δὲ
677 1610 767 1691 λέγεις
804 1605 902 1684 [εἶναι]
939 1612 1064 1691 πότερον
1098 1614 1263 1690 praebent,
1298 1615 1339 1675 iis
1375 1620 1484 1676 tamen

312 1728 600 1801 obtemperandum
631 1743 746 1788 censeo
777 1743 818 1787 ne
845 1727 987 1787 alterum
1012 1719 1097 1804 εἶναι,
1120 1728 1203 1801 quod
1226 1743 1304 1788 mox
1329 1730 1485 1807 sequitur,

312 1841 471 1901 absonum
502 1843 555 1902 sit.
584 1842 780 1916 Saepissime
803 1841 939 1901 verbum
964 1836 1057 1919 λέγειν
1082 1842 1129 1911 (ut
1152 1839 1257 1916 φάναι,
1279 1856 1329 1915 ep.
1354 1843 1485 1903 Latinos

316 1956 472 2031 ,dicere”)
503 1971 577 2016 cum
609 1956 795 2016 accusativo
824 1956 893 2014 sine
925 1946 1001 2012 εἶναι
1031 1955 1239 2030 construitur,
1273 1956 1333 2015 vid.
1363 1972 1414 2017 ex,
1439 1972 1484 2031 gr.

260 2067 376 2132 E332
411 2069 448 2143 D,
481 2071 544 2129 333
576 2071 613 2128 A.
647 2062 666 2151 ΙΙ
696 2070 767 2129 Par.
800 2069 828 2127 A
859 2067 991 2141 praebet
1021 2065 1122 2138 αὐτοῖς
1146 2066 1219 2126 εἰσίν
1243 2073 1310 2141 (pro
1333 2068 1415 2146 εἰσί),
1439 2071 1486 2130 sic

312 2184 394 2244 Bait.
416 2182 538 2243 Wohlr.
560 2182 691 2256 (iampb.
711 2183 814 2255 recte3
840 2197 940 2255 quum
966 2180 1052 2240 enim
1073 2196 1115 2240 ex
1135 2181 1397 2256 inscriptionibus
1410 2184 1484 2253 (vid.

312 2298 440 2356 Massen
466 2296 559 2371 ,Lpa
580 2296 735 2355 Studien’
760 2298 792 2355 et
819 2294 1041 2363 Meisterhans)
1062 2294 1189 2354 Atticos
1209 2316 1227 2352 ν
1248 2296 1485 2369 ephelcusticon

311 2411 386 2470 ante
421 2412 635 2470 consonantes
650 2404 671 2478 1)
705 2409 887 2481 promiscue
922 2422 1039 2481 ponere
1070 2407 1184 2468 solitos
1216 2424 1288 2467 esse
1321 2414 1484 2486 appareat,

311 2525 566 2606 consentaneum
600 2524 651 2583 est
685 2522 718 2582 in
748 2520 811 2581 fine
841 2521 973 2595 quidem
1004 2522 1186 2581 sententiae
1217 2521 1309 2581 iliam
1341 2522 1483 2585 litteram

310 2638 429 2711 ubique
451 2652 613 2711 reponere.
633 2637 719 2696 Ante
740 2638 971 2696 consonantem
991 2635 1025 2693 in
1046 2633 1215 2696 Olarkiano
1231 2637 1309 2699 illud
1324 2659 1341 2693 ν
1354 2639 1486 2713 saepius

310 2751 448 2811 occurrit
477 2766 576 2824 quam
606 2751 639 2810 in
671 2751 771 2811 Paris.
804 2750 843 2826 A,
875 2749 1044 2824 praecipue
1077 2748 1110 2808 in
1130 2764 1208 2808 voce
1234 2747 1311 2810 ἐσιίν
1335 2753 1397 2823 (iric
1420 2753 1486 2812 illie

308 2859 369 2923 ἔσθ’
403 2864 523 2925 librarii
554 2866 677 2925 temere
708 2865 742 2923 in
773 2860 851 2923 ἐσιλν
878 2865 1069 2931 mutavere).
1098 2895 1136 2904 -
1162 2862 1236 2923 Mox
1260 2866 1484 2940 corrigendum

309 2979 446 3038 arbitror
479 2975 654 3037 ιούνανιίον
684 2974 703 3056 ἢ
738 2974 861 3052 <ὡς>
895 2974 946 3036 riv
976 2978 1047 3051 Σιμ.
1082 3006 1121 3016 -
1155 2975 1200 3051 Id,
1233 2978 1318 3049 quod
1341 2978 1485 3038 nonnulli

309 3093 435 3153 codices
468 3090 520 3152 rbv
554 3092 643 3168 φίλον
674 3089 724 3151 ιιαλ
758 3090 891 3165 <ιὸν>
927 3085 1035 3167 ἐχθρὸν
1066 3083 1180 3146 θέσθαι
1210 3091 1374 3168 praebent,
1405 3092 1486 3152 mihi

309 3208 509 3283 probandum
534 3207 669 3283 videtur,
690 3207 767 3281 quia
785 3207 936 3267 articulus
954 3207 989 3266 ia
1009 3207 1057 3280 iis,
1080 3222 1159 3280 quac
1178 3206 1259 3265 tator
1277 3222 1308 3266 se
1328 3206 1487 3267 contrario

309 3322 389 3392 (dico
422 3323 592 3397 contraria,
625 3337 688 3382 non
713 3323 851 3390 diversa)
875 3324 958 3395 sunt,
983 3322 1070 3396 opud
1092 3320 1252 3380 Plutonem
1274 3321 1384 3381 iterari
1406 3322 1485 3398 sobi,

308 3436 336 3494 st
352 3450 412 3509 per
433 3430 498 3492 καὶ
520 3434 601 3493 inter
622 3450 653 3494 ee
677 3435 872 3508 copubratur.
898 3435 986 3494 Licet
1011 3435 1097 3495 enim
1121 3435 1226 3494 dicere
1247 3431 1312 3512 περὶ
1333 3433 1365 3493 ιδ
1385 3431 1486 3514 άριιδν

309 3568 339 3606 τε
368 3544 419 3605 καὶ
448 3544 582 3624 περιττὸν
610 3549 667 3607 aut
692 3545 725 3606 rb
752 3544 887 3624 περιττὸν
914 3544 965 3606 καλ
988 3545 1019 3607 rb
1048 3543 1159 3625 ἄρτιον,
1187 3545 1222 3606 rb
1250 3547 1351 3606 δίκαια
1378 3545 1429 3607 παλ
1451 3545 1486 3606 τὰ

309 3657 398 3719 άδιια
429 3662 487 3721 aut
516 3657 583 3738 περὶ
613 3658 644 3719 rb
677 3658 793 3720 δίκαιόν
824 3681 853 3719 ιε
884 3657 933 3719 uui
966 3657 1071 3719 άδιιιον
1097 3661 1257 3736 (exempla
1281 3677 1322 3722 ex
1347 3661 1483 3737 Gorgia),

308 3778 369 3845 τοῖς
392 3773 491 3848 φίλοις
513 3794 542 3832 τε
565 3771 615 3832 καλ
638 3771 755 3851 ἐχθροῖς
780 3775 868 3847 (Rep.
895 3775 958 3834 332
982 3775 1030 3849 D),
1053 3781 1107 3833 τοῦ
1129 3767 1255 3832 rivalte
1276 3772 1386 3853 καὶμὴ
1407 3768 1484 3834 εἶναι

310 3890 409 3963 (Rep.)
430 3888 544 3947 eodem
567 3887 662 3947 modo
686 3903 748 3961 quo
774 3888 938 3963 derebus,
959 3902 1041 3960 quae
1062 3887 1146 3948 inter
1166 3903 1201 3947 se
1222 3889 1402 3949 contrariae
1422 3904 1485 3948 non

311 4004 398 4077 sunt,
422 4001 572 4062 bifariam
595 4002 671 4061 licet
691 4003 796 4062 dicere
816 3997 864 4059 ἐπὶ
882 3998 914 4060 ιδ
934 3997 1049 4078 βέλτιόν
1068 4022 1097 4060 ιε
1118 3997 1167 4059 καὶ
1187 4000 1307 4060 κάλλιον
1328 4002 1415 4072 (lieet
1434 4002 1486 4062 hie

311 4139 340 4176 ιε
364 4117 525 4185 omittere)
552 4149 590 4158 —
616 4111 636 4192 ἢ
659 4112 707 4173 ἐπὶ
729 4113 762 4174 τὸ
785 4119 883 4193 χεῖρον
906 4111 956 4173 rub
978 4111 1010 4173 rb
1031 4111 1146 4191 αἴσχιον
1167 4115 1254 4188 (Rep.
1278 4115 1339 4175 381
1361 4115 1407 4186 Β).
1428 4115 1487 4174 Est

312 4232 345 4291 et
374 4230 472 4290 tertia
498 4230 531 4288 in
554 4229 674 4290 talibus
698 4229 929 4302 coniungendis
952 4229 1045 4304 ratio,
1069 4229 1142 4288 vide
1167 4244 1217 4288 err.
1241 4244 1287 4301 gr.
1312 4229 1356 4299 (in
1381 4228 1485 4301 Gorg.)

312 4340 379 4420 περὶ
408 4341 441 4402 rb
469 4339 570 4420 ἅρσιόν
592 4363 622 4401 rs
644 4339 694 4401 καλ
717 4339 748 4402 rb
769 4339 903 4421 περιττὸν
929 4343 980 4402 vel
1004 4342 1109 4416 (Gorg.
1135 4342 1199 4404 498
1214 4341 1246 4412 (λ)
1272 4341 1303 4401 οἱ
1322 4338 1437 4422 ἀγαθοί
1456 4363 1486 4401 τε

311 4453 361 4514 καὶ
395 4456 427 4515 οἱ
457 4453 543 4515 κακοὶ
574 4457 678 4527 (iuxta
709 4455 740 4515 οἱ
767 4452 879 4536 ἀγαθοὶ
909 4452 959 4514 καλ
989 4454 1020 4514 οἱ
1040 4454 1129 4514 roro!
1149 4454 1236 4525 ibid.)
1261 4457 1294 4515 et
1318 4456 1366 4526 (de
1390 4455 1486 4516 rebus

346 4700 363 4762 l)
381 4705 411 4749 In
430 4701 573 4750 Phaedonis
590 4704 680 4763 fragm.
697 4703 837 4751 identidem
855 4721 868 4749 ν
886 4707 945 4751 ante
962 4717 1064 4751 eoneon.
1083 4708 1214 4765 repertum
1232 4707 1279 4751 est.
