<?xml version="1.0" encoding="UTF-8"?>
<!DOCTYPE html PUBLIC "-//W3C//DTD XHTML 1.0 Transitional//EN"
    "http://www.w3.org/TR/xhtml1/DTD/xhtml1-transitional.dtd">
<html xmlns="http://www.w3.org/1999/xhtml" xml:lang="en" lang="en">
 <head>
  <title>
</title>
<meta http-equiv="Content-Type" content="text/html;charset=utf-8" />
  <meta name='ocr-system' content='tesseract 3.04.00' />
  <meta name='ocr-capabilities' content='ocr_page ocr_carea ocr_par ocr_line ocrx_word'/>
</head>
<body>
  <div class='ocr_page' id='page_1' title='image "./notaecriticaead02hartgoog_0042.png"; bbox 0 0 3417 5175; ppageno 0'>
   <div class='ocr_carea' id='block_1_1' title="bbox 890 396 930 454">
    <p class='ocr_par' dir='ltr' id='par_1_1' title="bbox 890 396 930 454">
     <span class='ocr_line' id='line_1_1' title="bbox 890 396 930 454; baseline 0 0"><span class='ocrx_word' id='word_1_1' title='bbox 890 396 930 454; x_wconf 80' lang='lat'>22</span> 
     </span>
    </p>
   </div>
   <div class='ocr_carea' id='block_1_2' title="bbox 180 578 1502 4527">
    <p class='ocr_par' dir='ltr' id='par_1_2' title="bbox 321 578 1496 983">
     <span class='ocr_line' id='line_1_2' title="bbox 322 578 1493 660; baseline 0.003 -21"><span class='ocrx_word' id='word_1_2' title='bbox 322 603 415 660; x_wconf 79' lang='grc' dir='ltr'>νηρον</span> <span class='ocrx_word' id='word_1_3' title='bbox 436 583 469 641; x_wconf 93' lang='lat' dir='ltr'>et</span> <span class='ocrx_word' id='word_1_4' title='bbox 488 582 521 641; x_wconf 93' lang='lat' dir='ltr'>in</span> <span class='ocrx_word' id='word_1_5' title='bbox 542 582 618 655; x_wconf 87' lang='lat' dir='ltr'>Rep.</span> <span class='ocrx_word' id='word_1_6' title='bbox 640 580 746 641; x_wconf 82' lang='lat' dir='ltr'><strong>378A</strong></span> <span class='ocrx_word' id='word_1_7' title='bbox 765 578 814 638; x_wconf 83' lang='grc' dir='ltr'>καὶ</span> <span class='ocrx_word' id='word_1_8' title='bbox 838 582 1019 657; x_wconf 78' lang='grc' dir='ltr'>ΤΑΠΑθη).</span> <span class='ocrx_word' id='word_1_9' title='bbox 1042 615 1073 623; x_wconf 98' lang='grc'>-</span> <span class='ocrx_word' id='word_1_10' title='bbox 1087 582 1124 640; x_wconf 93' lang='lat' dir='ltr'>In</span> <span class='ocrx_word' id='word_1_11' title='bbox 1144 581 1232 650; x_wconf 77' lang='lat' dir='ltr'>§ult</span> <span class='ocrx_word' id='word_1_12' title='bbox 1248 582 1409 659; x_wconf 76' lang='lat' dir='ltr'>BremiuS,</span> <span class='ocrx_word' id='word_1_13' title='bbox 1422 584 1493 658; x_wconf 87' lang='lat' dir='ltr'>Ast,</span> 
     </span>
     <span class='ocr_line' id='line_1_3' title="bbox 325 686 1496 773; baseline 0.001 -19"><span class='ocrx_word' id='word_1_14' title='bbox 325 695 488 755; x_wconf 88' lang='lat' dir='ltr'>Herwerd.</span> <span class='ocrx_word' id='word_1_15' title='bbox 514 694 586 764; x_wconf 83' lang='lat' dir='ltr'>(Mn</span> <span class='ocrx_word' id='word_1_16' title='bbox 611 695 706 763; x_wconf 88' lang='grc'>1891)</span> <span class='ocrx_word' id='word_1_17' title='bbox 731 694 954 766; x_wconf 78' lang='lat' dir='ltr'>corrigendum</span> <span class='ocrx_word' id='word_1_18' title='bbox 978 709 1050 755; x_wconf 89' lang='lat' dir='ltr'>esse</span> <span class='ocrx_word' id='word_1_19' title='bbox 1074 690 1125 752; x_wconf 78' lang='grc' dir='ltr'>τὸν</span> <span class='ocrx_word' id='word_1_20' title='bbox 1149 693 1295 753; x_wconf 81' lang='grc' dir='ltr'>δοιοονιά</span> <span class='ocrx_word' id='word_1_21' title='bbox 1315 716 1354 770; x_wconf 77' lang='grc' dir='ltr'>ιε,</span> <span class='ocrx_word' id='word_1_22' title='bbox 1375 686 1435 772; x_wconf 77' lang='grc' dir='ltr'>ἧδ’</span> <span class='ocrx_word' id='word_1_23' title='bbox 1455 694 1496 773; x_wconf 74' lang='grc' dir='ltr'>ὅς,</span> 
     </span>
     <span class='ocr_line' id='line_1_4' title="bbox 321 805 1495 882; baseline 0.003 -15"><span class='ocrx_word' id='word_1_24' title='bbox 321 807 373 868; x_wconf 83' lang='grc' dir='ltr'><em>ιιαὶ</em></span> <span class='ocrx_word' id='word_1_25' title='bbox 398 805 471 880; x_wconf 79' lang='grc' dir='ltr'>[τὸν]</span> <span class='ocrx_word' id='word_1_26' title='bbox 497 805 568 868; x_wconf 82' lang='grc' dir='ltr'><em>ἀ’νια</em></span> <span class='ocrx_word' id='word_1_27' title='bbox 591 808 713 881; x_wconf 91' lang='lat' dir='ltr'>optime</span> <span class='ocrx_word' id='word_1_28' title='bbox 743 806 984 882; x_wconf 86' lang='lat' dir='ltr'>intellexerunt,</span> <span class='ocrx_word' id='word_1_29' title='bbox 1014 822 1089 867; x_wconf 88' lang='lat' dir='ltr'>cum</span> <span class='ocrx_word' id='word_1_30' title='bbox 1113 808 1152 867; x_wconf 93' lang='lat' dir='ltr'>de</span> <span class='ocrx_word' id='word_1_31' title='bbox 1175 822 1238 868; x_wconf 93' lang='lat' dir='ltr'>uno</span> <span class='ocrx_word' id='word_1_32' title='bbox 1261 810 1359 881; x_wconf 85' lang='lat' dir='ltr'>atque</span> <span class='ocrx_word' id='word_1_33' title='bbox 1382 810 1495 870; x_wconf 90' lang='lat' dir='ltr'>eodem</span> 
     </span>
     <span class='ocr_line' id='line_1_5' title="bbox 322 921 661 983; baseline -0.009 0"><span class='ocrx_word' id='word_1_34' title='bbox 322 924 453 983; x_wconf 92' lang='lat' dir='ltr'>homine</span> <span class='ocrx_word' id='word_1_35' title='bbox 477 937 584 983; x_wconf 89' lang='lat' dir='ltr'>sermo</span> <span class='ocrx_word' id='word_1_36' title='bbox 608 921 661 981; x_wconf 88' lang='lat' dir='ltr'>sit.</span> 
     </span>
    </p>

    <p class='ocr_par' dir='ltr' id='par_1_3' title="bbox 180 1031 1498 2023">
     <span class='ocr_line' id='line_1_6' title="bbox 180 1031 1496 1120; baseline -0.004 -21"><span class='ocrx_word' id='word_1_37' title='bbox 180 1040 244 1099; x_wconf 83' lang='lat'>335</span> <span class='ocrx_word' id='word_1_38' title='bbox 271 1034 301 1101; x_wconf 78' lang='lat' dir='ltr'>A</span> <span class='ocrx_word' id='word_1_39' title='bbox 370 1036 514 1111; x_wconf 84' lang='lat' dir='ltr'>Faesius,</span> <span class='ocrx_word' id='word_1_40' title='bbox 539 1036 600 1094; x_wconf 83' lang='lat' dir='ltr'>Ast</span> <span class='ocrx_word' id='word_1_41' title='bbox 623 1035 730 1110; x_wconf 86' lang='lat' dir='ltr'>(duh),</span> <span class='ocrx_word' id='word_1_42' title='bbox 754 1034 892 1110; x_wconf 85' lang='lat' dir='ltr'>Madvig,</span> <span class='ocrx_word' id='word_1_43' title='bbox 915 1035 998 1095; x_wconf 84' lang='lat' dir='ltr'>Bait.</span> <span class='ocrx_word' id='word_1_44' title='bbox 1024 1035 1172 1095; x_wconf 82' lang='lat' dir='ltr'>voculam</span> <span class='ocrx_word' id='word_1_45' title='bbox 1197 1031 1216 1113; x_wconf 71' lang='grc' dir='ltr'><strong>ἢ</strong></span> <span class='ocrx_word' id='word_1_46' title='bbox 1240 1038 1313 1110; x_wconf 89' lang='lat' dir='ltr'>post</span> <span class='ocrx_word' id='word_1_47' title='bbox 1331 1044 1370 1118; x_wconf 71' lang='lat' dir='ltr'>tp</span> <span class='ocrx_word' id='word_1_48' title='bbox 1391 1035 1496 1120; x_wconf 82' lang='grc' dir='ltr'><em>διναάφ</em></span> 
     </span>
     <span class='ocr_line' id='line_1_7' title="bbox 323 1144 1497 1227; baseline -0.002 -16"><span class='ocrx_word' id='word_1_49' title='bbox 323 1152 480 1225; x_wconf 91' lang='lat' dir='ltr'>delerunt,</span> <span class='ocrx_word' id='word_1_50' title='bbox 513 1149 616 1210; x_wconf 87' lang='lat' dir='ltr'>male:</span> <span class='ocrx_word' id='word_1_51' title='bbox 648 1150 678 1208; x_wconf 88' lang='lat' dir='ltr'>si</span> <span class='ocrx_word' id='word_1_52' title='bbox 708 1145 728 1227; x_wconf 77' lang='grc' dir='ltr'><strong>ἢ</strong></span> <span class='ocrx_word' id='word_1_53' title='bbox 759 1150 852 1209; x_wconf 86' lang='lat' dir='ltr'>abest</span> <span class='ocrx_word' id='word_1_54' title='bbox 883 1144 923 1219; x_wconf 77' lang='grc' dir='ltr'>ὥς</span> <span class='ocrx_word' id='word_1_55' title='bbox 953 1148 1030 1209; x_wconf 88' lang='lat' dir='ltr'>ferri</span> <span class='ocrx_word' id='word_1_56' title='bbox 1052 1164 1116 1209; x_wconf 95' lang='lat' dir='ltr'>non</span> <span class='ocrx_word' id='word_1_57' title='bbox 1139 1151 1256 1225; x_wconf 88' lang='lat' dir='ltr'>potest,</span> <span class='ocrx_word' id='word_1_58' title='bbox 1281 1150 1337 1210; x_wconf 90' lang='lat' dir='ltr'>sed</span> <span class='ocrx_word' id='word_1_59' title='bbox 1360 1146 1400 1221; x_wconf 79' lang='grc' dir='ltr'>ὡς</span> <span class='ocrx_word' id='word_1_60' title='bbox 1423 1148 1497 1209; x_wconf 82' lang='lat' dir='ltr'>inii</span> 
     </span>
     <span class='ocr_line' id='line_1_8' title="bbox 323 1257 1496 1346; baseline -0.001 -21"><span class='ocrx_word' id='word_1_61' title='bbox 323 1267 393 1325; x_wconf 87' lang='lat' dir='ltr'>sive</span> <span class='ocrx_word' id='word_1_62' title='bbox 424 1265 456 1323; x_wconf 95' lang='lat' dir='ltr'>in</span> <span class='ocrx_word' id='word_1_63' title='bbox 490 1257 740 1346; x_wconf 65' lang='lat' dir='ltr'>premendum,</span> <span class='ocrx_word' id='word_1_64' title='bbox 772 1262 848 1335; x_wconf 88' lang='lat' dir='ltr'>quia</span> <span class='ocrx_word' id='word_1_65' title='bbox 879 1258 918 1333; x_wconf 77' lang='grc' dir='ltr'>ὡς</span> <span class='ocrx_word' id='word_1_66' title='bbox 949 1276 1078 1336; x_wconf 89' lang='lat' dir='ltr'>semper</span> <span class='ocrx_word' id='word_1_67' title='bbox 1108 1264 1322 1338; x_wconf 87' lang='lat' dir='ltr'>comparando</span> <span class='ocrx_word' id='word_1_68' title='bbox 1349 1264 1496 1325; x_wconf 88' lang='lat' dir='ltr'>inservit.</span> 
     </span>
     <span class='ocr_line' id='line_1_9' title="bbox 323 1375 1497 1460; baseline -0.003 -21"><span class='ocrx_word' id='word_1_69' title='bbox 323 1379 408 1439; x_wconf 90' lang='lat' dir='ltr'>Num</span> <span class='ocrx_word' id='word_1_70' title='bbox 435 1378 540 1437; x_wconf 81' lang='lat' dir='ltr'>Faesii</span> <span class='ocrx_word' id='word_1_71' title='bbox 566 1377 728 1436; x_wconf 88' lang='lat' dir='ltr'>sententia</span> <span class='ocrx_word' id='word_1_72' title='bbox 751 1375 871 1437; x_wconf 81' lang='lat' dir='ltr'><strong>Graece</strong></span> <span class='ocrx_word' id='word_1_73' title='bbox 895 1376 942 1435; x_wconf 86' lang='lat' dir='ltr'>sio</span> <span class='ocrx_word' id='word_1_74' title='bbox 965 1376 1071 1436; x_wconf 85' lang='lat' dir='ltr'>efferri</span> <span class='ocrx_word' id='word_1_75' title='bbox 1098 1376 1221 1450; x_wconf 89' lang='lat' dir='ltr'>potest:</span> <span class='ocrx_word' id='word_1_76' title='bbox 1253 1375 1435 1455; x_wconf 75' lang='grc' dir='ltr'>προστίθημι</span> <span class='ocrx_word' id='word_1_77' title='bbox 1458 1387 1497 1460; x_wconf 76' lang='grc' dir='ltr'>ιφ</span> 
     </span>
     <span class='ocr_line' id='line_1_10' title="bbox 324 1474 1498 1575; baseline -0.002 -24"><span class='ocrx_word' id='word_1_78' title='bbox 324 1492 428 1575; x_wconf 76' lang='grc' dir='ltr'><em>δικαίῳ</em></span> <span class='ocrx_word' id='word_1_79' title='bbox 464 1487 503 1561; x_wconf 82' lang='grc' dir='ltr'>ὡς</span> <span class='ocrx_word' id='word_1_80' title='bbox 538 1487 569 1548; x_wconf 70' lang='lat' dir='ltr'>tt</span> <span class='ocrx_word' id='word_1_81' title='bbox 601 1498 718 1567; x_wconf 72' lang='grc' dir='ltr'><strong><em>πρῶτον</em></strong></span> <span class='ocrx_word' id='word_1_82' title='bbox 749 1486 848 1567; x_wconf 73' lang='grc' dir='ltr'>ἔλαφον</span> <span class='ocrx_word' id='word_1_83' title='bbox 871 1474 917 1560; x_wconf 76' lang='lat' dir='ltr'>¹l?</span> <span class='ocrx_word' id='word_1_84' title='bbox 948 1489 1053 1548; x_wconf 90' lang='lat' dir='ltr'>Immo</span> <span class='ocrx_word' id='word_1_85' title='bbox 1083 1490 1156 1548; x_wconf 92' lang='lat' dir='ltr'>tum</span> <span class='ocrx_word' id='word_1_86' title='bbox 1190 1488 1395 1550; x_wconf 84' lang='lat' dir='ltr'>scribendum</span> <span class='ocrx_word' id='word_1_87' title='bbox 1428 1493 1498 1551; x_wconf 88' lang='lat' dir='ltr'>erat</span> 
     </span>
     <span class='ocr_line' id='line_1_11' title="bbox 325 1597 1498 1686; baseline 0 -22"><span class='ocrx_word' id='word_1_88' title='bbox 325 1604 505 1685; x_wconf 80' lang='grc' dir='ltr'><strong><em>προστίθημι</em></strong></span> <span class='ocrx_word' id='word_1_89' title='bbox 541 1613 579 1686; x_wconf 76' lang='grc' dir='ltr'>τῷ</span> <span class='ocrx_word' id='word_1_90' title='bbox 614 1603 639 1662; x_wconf 78' lang='grc' dir='ltr'>ὃ.</span> <span class='ocrx_word' id='word_1_91' title='bbox 669 1597 685 1661; x_wconf 73' lang='grc' dir='ltr'>ὃ</span> <span class='ocrx_word' id='word_1_92' title='bbox 717 1624 740 1661; x_wconf 82' lang='grc' dir='ltr'>τ.</span> <span class='ocrx_word' id='word_1_93' title='bbox 766 1623 797 1661; x_wconf 83' lang='lat' dir='ltr'>rr.</span> <span class='ocrx_word' id='word_1_94' title='bbox 821 1600 843 1663; x_wconf 79' lang='grc' dir='ltr'>ἕ.</span> <span class='ocrx_word' id='word_1_95' title='bbox 869 1603 927 1662; x_wconf 83' lang='lat' dir='ltr'>aut</span> <span class='ocrx_word' id='word_1_96' title='bbox 955 1601 1091 1680; x_wconf 79' lang='grc' dir='ltr'><strong><em>προστίθ.</em></strong></span> <span class='ocrx_word' id='word_1_97' title='bbox 1114 1623 1137 1661; x_wconf 80' lang='lat' dir='ltr'>r.</span> <span class='ocrx_word' id='word_1_98' title='bbox 1162 1601 1187 1661; x_wconf 86' lang='grc' dir='ltr'>δ.</span> <span class='ocrx_word' id='word_1_99' title='bbox 1210 1597 1230 1680; x_wconf 74' lang='grc' dir='ltr'><strong>ἢ</strong></span> <span class='ocrx_word' id='word_1_100' title='bbox 1254 1599 1293 1673; x_wconf 84' lang='grc' dir='ltr'>ὡς</span> <span class='ocrx_word' id='word_1_101' title='bbox 1316 1605 1374 1661; x_wconf 79' lang='grc' dir='ltr'><strong><em>κτλ.</em></strong></span> <span class='ocrx_word' id='word_1_102' title='bbox 1397 1603 1498 1664; x_wconf 77' lang='lat' dir='ltr'>Recte</span> 
     </span>
     <span class='ocr_line' id='line_1_12' title="bbox 325 1712 1496 1794; baseline -0.002 -14"><span class='ocrx_word' id='word_1_103' title='bbox 325 1721 424 1793; x_wconf 85' lang='lat' dir='ltr'>igitur</span> <span class='ocrx_word' id='word_1_104' title='bbox 455 1717 566 1779; x_wconf 88' lang='lat' dir='ltr'>Stallb.</span> <span class='ocrx_word' id='word_1_105' title='bbox 598 1716 745 1778; x_wconf 79' lang='lat' dir='ltr'>Schneid.</span> <span class='ocrx_word' id='word_1_106' title='bbox 769 1716 881 1777; x_wconf 88' lang='lat' dir='ltr'>Herm.</span> <span class='ocrx_word' id='word_1_107' title='bbox 907 1715 1028 1777; x_wconf 91' lang='lat' dir='ltr'>Wohlr.</span> <span class='ocrx_word' id='word_1_108' title='bbox 1054 1715 1185 1792; x_wconf 83' lang='lat' dir='ltr'>oampu.</span> <span class='ocrx_word' id='word_1_109' title='bbox 1209 1712 1228 1794; x_wconf 79' lang='lat' dir='ltr'>l)</span> <span class='ocrx_word' id='word_1_110' title='bbox 1252 1712 1291 1788; x_wconf 81' lang='grc' dir='ltr'>ὡς</span> <span class='ocrx_word' id='word_1_111' title='bbox 1314 1720 1496 1779; x_wconf 86' lang='lat' dir='ltr'>servarunt.</span> 
     </span>
     <span class='ocr_line' id='line_1_13' title="bbox 326 1825 1497 1908; baseline -0.003 -14"><span class='ocrx_word' id='word_1_112' title='bbox 326 1833 524 1908; x_wconf 86' lang='lat' dir='ltr'>Supersedeo</span> <span class='ocrx_word' id='word_1_113' title='bbox 558 1831 773 1891; x_wconf 84' lang='lat' dir='ltr'>Richardsum</span> <span class='ocrx_word' id='word_1_114' title='bbox 808 1826 976 1904; x_wconf 72' lang='grc' dir='ltr'>&lt;νι11ον&gt;</span> <span class='ocrx_word' id='word_1_115' title='bbox 1003 1825 1022 1907; x_wconf 72' lang='grc' dir='ltr'><strong>ἢ</strong></span> <span class='ocrx_word' id='word_1_116' title='bbox 1050 1826 1089 1900; x_wconf 82' lang='grc' dir='ltr'>ὡς</span> <span class='ocrx_word' id='word_1_117' title='bbox 1120 1830 1314 1890; x_wconf 79' lang='lat' dir='ltr'>scribentem</span> <span class='ocrx_word' id='word_1_118' title='bbox 1345 1831 1497 1892; x_wconf 82' lang='lat' dir='ltr'>refutare.</span> 
     </span>
     <span class='ocr_line' id='line_1_14' title="bbox 326 1944 1497 2023; baseline -0.006 -17"><span class='ocrx_word' id='word_1_119' title='bbox 326 1947 477 2006; x_wconf 74' lang='lat' dir='ltr'><strong>Fortasse</strong></span> <span class='ocrx_word' id='word_1_120' title='bbox 500 1945 551 2004; x_wconf 88' lang='lat' dir='ltr'>hic</span> <span class='ocrx_word' id='word_1_121' title='bbox 577 1945 869 2019; x_wconf 79' lang='grc' dir='ltr'>&lt;τι&gt;προσθεῖναι</span> <span class='ocrx_word' id='word_1_122' title='bbox 893 1945 926 2003; x_wconf 79' lang='lat' dir='ltr'>et</span> <span class='ocrx_word' id='word_1_123' title='bbox 948 1944 1012 2003; x_wconf 82' lang='lat'>339</span> <span class='ocrx_word' id='word_1_124' title='bbox 1037 1944 1062 2002; x_wconf 91' lang='grc' dir='ltr'>Β</span> <span class='ocrx_word' id='word_1_125' title='bbox 1086 1945 1194 2017; x_wconf 81' lang='grc' dir='ltr'><em>&lt;τι&gt;</em></span> <span class='ocrx_word' id='word_1_126' title='bbox 1209 1944 1374 2023; x_wconf 77' lang='grc' dir='ltr'><strong><em>προστίθης</em></strong></span> <span class='ocrx_word' id='word_1_127' title='bbox 1392 1945 1497 2019; x_wconf 85' lang='lat' dir='ltr'>legen·</span> 
     </span>
    </p>

    <p class='ocr_par' dir='ltr' id='par_1_4' title="bbox 271 2049 1499 2254">
     <span class='ocr_line' id='line_1_15' title="bbox 271 2049 1497 2142; baseline -0.002 -22"><span class='ocrx_word' id='word_1_128' title='bbox 271 2060 414 2126; x_wconf 75' lang='lat' dir='ltr'>lidum.</span> <span class='ocrx_word' id='word_1_129' title='bbox 439 2049 459 2142; x_wconf 87' lang='grc' dir='ltr'>ΙΙ</span> <span class='ocrx_word' id='word_1_130' title='bbox 488 2058 690 2134; x_wconf 82' lang='lat' dir='ltr'><strong>Quamquam</strong></span> <span class='ocrx_word' id='word_1_131' title='bbox 727 2057 922 2131; x_wconf 84' lang='lat' dir='ltr'>Porphyrius</span> <span class='ocrx_word' id='word_1_132' title='bbox 957 2058 1037 2135; x_wconf 85' lang='lat' dir='ltr'>(,De</span> <span class='ocrx_word' id='word_1_133' title='bbox 1072 2058 1311 2127; x_wconf 83' lang='lat' dir='ltr'>Abstinentia&#39;&#39;l</span> <span class='ocrx_word' id='word_1_134' title='bbox 1341 2054 1439 2118; x_wconf 86' lang='lat' dir='ltr'>verba</span> <span class='ocrx_word' id='word_1_135' title='bbox 1461 2057 1497 2118; x_wconf 85' lang='grc' dir='ltr'>οά</span> 
     </span>
     <span class='ocr_line' id='line_1_16' title="bbox 324 2152 1499 2254; baseline 0 -22"><span class='ocrx_word' id='word_1_136' title='bbox 324 2173 380 2254; x_wconf 78' lang='grc' dir='ltr'>γὰρ</span> <span class='ocrx_word' id='word_1_137' title='bbox 403 2171 584 2250; x_wconf 79' lang='grc' dir='ltr'><strong><em>θερμότητος</em></strong></span> <span class='ocrx_word' id='word_1_138' title='bbox 607 2175 665 2230; x_wconf 79' lang='grc' dir='ltr'><strong><em>κτλ.</em></strong></span> <span class='ocrx_word' id='word_1_139' title='bbox 690 2172 826 2232; x_wconf 85' lang='lat' dir='ltr'>laudans</span> <span class='ocrx_word' id='word_1_140' title='bbox 851 2187 919 2232; x_wconf 88' lang='lat' dir='ltr'>voe.</span> <span class='ocrx_word' id='word_1_141' title='bbox 944 2168 1030 2250; x_wconf 77' lang='grc' dir='ltr'><strong><em>ἔργον</em></strong></span> <span class='ocrx_word' id='word_1_142' title='bbox 1053 2152 1174 2246; x_wconf 90' lang='lat' dir='ltr'>omisit,</span> <span class='ocrx_word' id='word_1_143' title='bbox 1195 2172 1305 2231; x_wconf 90' lang='lat' dir='ltr'>dubito</span> <span class='ocrx_word' id='word_1_144' title='bbox 1324 2186 1365 2231; x_wconf 87' lang='lat' dir='ltr'>an</span> <span class='ocrx_word' id='word_1_145' title='bbox 1385 2188 1499 2232; x_wconf 89' lang='lat' dir='ltr'>revera</span> 
     </span>
    </p>

    <p class='ocr_par' dir='ltr' id='par_1_5' title="bbox 289 2283 1500 3045">
     <span class='ocr_line' id='line_1_17' title="bbox 289 2283 1497 2362; baseline -0.001 -15"><span class='ocrx_word' id='word_1_146' title='bbox 289 2283 291 2286; x_wconf 79' lang='grc'><strong>’</strong></span> <span class='ocrx_word' id='word_1_147' title='bbox 325 2288 472 2362; x_wconf 89' lang='lat' dir='ltr'>spurium</span> <span class='ocrx_word' id='word_1_148' title='bbox 495 2287 549 2360; x_wconf 91' lang='lat' dir='ltr'>sit,</span> <span class='ocrx_word' id='word_1_149' title='bbox 573 2301 674 2359; x_wconf 91' lang='lat' dir='ltr'>quum</span> <span class='ocrx_word' id='word_1_150' title='bbox 698 2286 829 2360; x_wconf 87' lang='lat' dir='ltr'>saepius</span> <span class='ocrx_word' id='word_1_151' title='bbox 852 2300 902 2359; x_wconf 90' lang='lat' dir='ltr'>ap.</span> <span class='ocrx_word' id='word_1_152' title='bbox 928 2284 1098 2345; x_wconf 85' lang='lat' dir='ltr'>Platonem</span> <span class='ocrx_word' id='word_1_153' title='bbox 1120 2288 1268 2345; x_wconf 85' lang='lat' dir='ltr'>occurrat</span> <span class='ocrx_word' id='word_1_154' title='bbox 1291 2286 1340 2356; x_wconf 85' lang='lat' dir='ltr'>(ol.</span> <span class='ocrx_word' id='word_1_155' title='bbox 1366 2287 1429 2347; x_wconf 84' lang='lat'>351</span> <span class='ocrx_word' id='word_1_156' title='bbox 1451 2286 1497 2356; x_wconf 86' lang='lat' dir='ltr'>D).</span> 
     </span>
     <span class='ocr_line' id='line_1_18' title="bbox 327 2399 1498 2474; baseline -0.003 -11"><span class='ocrx_word' id='word_1_157' title='bbox 327 2402 513 2463; x_wconf 80' lang='lat' dir='ltr'>Tenendum</span> <span class='ocrx_word' id='word_1_158' title='bbox 545 2401 712 2474; x_wconf 89' lang='lat' dir='ltr'>praeterea</span> <span class='ocrx_word' id='word_1_159' title='bbox 742 2402 794 2460; x_wconf 88' lang='lat' dir='ltr'>est</span> <span class='ocrx_word' id='word_1_160' title='bbox 824 2399 1037 2473; x_wconf 89' lang='lat' dir='ltr'>Porphyrium</span> <span class='ocrx_word' id='word_1_161' title='bbox 1066 2416 1103 2461; x_wconf 91' lang='lat' dir='ltr'>ea</span> <span class='ocrx_word' id='word_1_162' title='bbox 1127 2402 1225 2461; x_wconf 86' lang='lat' dir='ltr'>verba</span> <span class='ocrx_word' id='word_1_163' title='bbox 1248 2402 1437 2461; x_wconf 89' lang='lat' dir='ltr'>memoriter</span> <span class='ocrx_word' id='word_1_164' title='bbox 1460 2402 1498 2461; x_wconf 89' lang='lat' dir='ltr'>oi·</span> 
     </span>
     <span class='ocr_line' id='line_1_19' title="bbox 326 2511 1499 2595; baseline -0.003 -19"><span class='ocrx_word' id='word_1_165' title='bbox 326 2519 426 2577; x_wconf 87' lang='lat' dir='ltr'>tasse.</span> <span class='ocrx_word' id='word_1_166' title='bbox 452 2516 489 2574; x_wconf 91' lang='lat' dir='ltr'>In</span> <span class='ocrx_word' id='word_1_167' title='bbox 512 2514 620 2574; x_wconf 85' lang='lat' dir='ltr'>codice</span> <span class='ocrx_word' id='word_1_168' title='bbox 643 2513 868 2573; x_wconf 85' lang='lat' dir='ltr'>Malatestiano</span> <span class='ocrx_word' id='word_1_169' title='bbox 888 2514 1028 2574; x_wconf 85' lang='lat' dir='ltr'>alterurn</span> <span class='ocrx_word' id='word_1_170' title='bbox 1049 2511 1144 2594; x_wconf 74' lang='grc' dir='ltr'>ἔργον,</span> <span class='ocrx_word' id='word_1_171' title='bbox 1166 2515 1250 2588; x_wconf 88' lang='lat' dir='ltr'>quod</span> <span class='ocrx_word' id='word_1_172' title='bbox 1268 2518 1341 2591; x_wconf 86' lang='lat' dir='ltr'>post</span> <span class='ocrx_word' id='word_1_173' title='bbox 1360 2514 1499 2595; x_wconf 73' lang='grc' dir='ltr'><em>βλάπτειν</em></span> 
     </span>
     <span class='ocr_line' id='line_1_20' title="bbox 326 2627 1499 2708; baseline -0.001 -18"><span class='ocrx_word' id='word_1_174' title='bbox 326 2630 454 2705; x_wconf 86' lang='lat' dir='ltr'>legitur,</span> <span class='ocrx_word' id='word_1_175' title='bbox 489 2630 592 2703; x_wconf 84' lang='lat' dir='ltr'>abest,</span> <span class='ocrx_word' id='word_1_176' title='bbox 627 2628 660 2688; x_wconf 90' lang='lat' dir='ltr'>in</span> <span class='ocrx_word' id='word_1_177' title='bbox 695 2627 809 2688; x_wconf 92' lang='lat' dir='ltr'>multis</span> <span class='ocrx_word' id='word_1_178' title='bbox 844 2629 933 2688; x_wconf 90' lang='lat' dir='ltr'>oodd.</span> <span class='ocrx_word' id='word_1_179' title='bbox 970 2629 1045 2688; x_wconf 89' lang='lat' dir='ltr'>ante</span> <span class='ocrx_word' id='word_1_180' title='bbox 1080 2627 1219 2708; x_wconf 75' lang='grc' dir='ltr'><em>βλάπτειν</em></span> <span class='ocrx_word' id='word_1_181' title='bbox 1249 2629 1407 2704; x_wconf 84' lang='lat' dir='ltr'>scripturn</span> <span class='ocrx_word' id='word_1_182' title='bbox 1439 2634 1499 2706; x_wconf 88' lang='lat' dir='ltr'>est,</span> 
     </span>
     <span class='ocr_line' id='line_1_21' title="bbox 326 2739 1500 2820; baseline -0.003 -15"><span class='ocrx_word' id='word_1_183' title='bbox 326 2747 436 2817; x_wconf 85' lang='lat' dir='ltr'>itaque</span> <span class='ocrx_word' id='word_1_184' title='bbox 466 2741 606 2803; x_wconf 87' lang='lat' dir='ltr'>adducor</span> <span class='ocrx_word' id='word_1_185' title='bbox 636 2744 673 2801; x_wconf 93' lang='lat' dir='ltr'>ut</span> <span class='ocrx_word' id='word_1_186' title='bbox 703 2741 843 2802; x_wconf 86' lang='lat' dir='ltr'>alterum</span> <span class='ocrx_word' id='word_1_187' title='bbox 875 2743 936 2801; x_wconf 85' lang='lat' dir='ltr'>hoo</span> <span class='ocrx_word' id='word_1_188' title='bbox 959 2739 1045 2820; x_wconf 79' lang='grc' dir='ltr'><strong><em>ἔργον</em></strong></span> <span class='ocrx_word' id='word_1_189' title='bbox 1069 2743 1205 2803; x_wconf 86' lang='lat' dir='ltr'>deleam.</span> <span class='ocrx_word' id='word_1_190' title='bbox 1232 2743 1397 2803; x_wconf 85' lang='lat' dir='ltr'>-Paulo</span> <span class='ocrx_word' id='word_1_191' title='bbox 1428 2745 1500 2817; x_wconf 89' lang='lat' dir='ltr'>post</span> 
     </span>
     <span class='ocr_line' id='line_1_22' title="bbox 327 2852 1500 2935; baseline -0.001 -18"><span class='ocrx_word' id='word_1_192' title='bbox 327 2857 372 2935; x_wconf 89' lang='lat' dir='ltr'>(in</span> <span class='ocrx_word' id='word_1_193' title='bbox 403 2855 477 2927; x_wconf 85' lang='lat' dir='ltr'>tine)</span> <span class='ocrx_word' id='word_1_194' title='bbox 501 2855 600 2916; x_wconf 87' lang='lat' dir='ltr'>verba</span> <span class='ocrx_word' id='word_1_195' title='bbox 623 2863 675 2914; x_wconf 84' lang='grc' dir='ltr'>ιοά</span> <span class='ocrx_word' id='word_1_196' title='bbox 699 2852 805 2914; x_wconf 84' lang='grc' dir='ltr'><em>άδίνου</em></span> <span class='ocrx_word' id='word_1_197' title='bbox 830 2855 965 2915; x_wconf 90' lang='lat' dir='ltr'>delenda</span> <span class='ocrx_word' id='word_1_198' title='bbox 988 2857 1082 2916; x_wconf 89' lang='lat' dir='ltr'>sunt:</span> <span class='ocrx_word' id='word_1_199' title='bbox 1115 2871 1219 2930; x_wconf 87' lang='lat' dir='ltr'>neque</span> <span class='ocrx_word' id='word_1_200' title='bbox 1245 2857 1277 2916; x_wconf 90' lang='lat' dir='ltr'>in</span> <span class='ocrx_word' id='word_1_201' title='bbox 1301 2857 1500 2930; x_wconf 82' lang='lat' dir='ltr'>praegressis</span> 
     </span>
     <span class='ocr_line' id='line_1_23' title="bbox 328 2959 1498 3045; baseline 0 -15"><span class='ocrx_word' id='word_1_202' title='bbox 328 2970 360 3030; x_wconf 79' lang='grc' dir='ltr'>τὸ</span> <span class='ocrx_word' id='word_1_203' title='bbox 384 2967 518 3029; x_wconf 80' lang='grc' dir='ltr'><em>ἐναντίαν</em></span> <span class='ocrx_word' id='word_1_204' title='bbox 538 2968 731 3029; x_wconf 90' lang='lat' dir='ltr'>nominatim</span> <span class='ocrx_word' id='word_1_205' title='bbox 752 2968 930 3029; x_wconf 87' lang='lat' dir='ltr'>indicatum</span> <span class='ocrx_word' id='word_1_206' title='bbox 952 2969 1003 3028; x_wconf 87' lang='lat' dir='ltr'>est</span> <span class='ocrx_word' id='word_1_207' title='bbox 1022 2984 1126 3042; x_wconf 90' lang='lat' dir='ltr'>neque</span> <span class='ocrx_word' id='word_1_208' title='bbox 1145 2959 1197 3029; x_wconf 88' lang='lat' dir='ltr'>hic</span> <span class='ocrx_word' id='word_1_209' title='bbox 1216 2969 1382 3045; x_wconf 84' lang='lat' dir='ltr'>emphasis</span> <span class='ocrx_word' id='word_1_210' title='bbox 1393 2985 1498 3031; x_wconf 82' lang='lat' dir='ltr'>neees-</span> 
     </span>
    </p>

    <p class='ocr_par' dir='ltr' id='par_1_6' title="bbox 278 3074 1501 3618">
     <span class='ocr_line' id='line_1_24' title="bbox 278 3074 1501 3166; baseline 0 -22"><span class='ocrx_word' id='word_1_211' title='bbox 278 3085 426 3160; x_wconf 70' lang='lat' dir='ltr'>Esarie,</span> <span class='ocrx_word' id='word_1_212' title='bbox 458 3100 559 3158; x_wconf 90' lang='lat' dir='ltr'>quum</span> <span class='ocrx_word' id='word_1_213' title='bbox 592 3083 669 3143; x_wconf 89' lang='lat' dir='ltr'>iusti</span> <span class='ocrx_word' id='word_1_214' title='bbox 699 3082 851 3158; x_wconf 90' lang='lat' dir='ltr'>indolem,</span> <span class='ocrx_word' id='word_1_215' title='bbox 876 3098 939 3142; x_wconf 92' lang='lat' dir='ltr'>non</span> <span class='ocrx_word' id='word_1_216' title='bbox 962 3082 1075 3143; x_wconf 90' lang='lat' dir='ltr'>iniusti</span> <span class='ocrx_word' id='word_1_217' title='bbox 1097 3083 1260 3156; x_wconf 88' lang='lat' dir='ltr'>indagent.</span> <span class='ocrx_word' id='word_1_218' title='bbox 1286 3074 1305 3166; x_wconf 85' lang='grc' dir='ltr'>ΙΙ</span> <span class='ocrx_word' id='word_1_219' title='bbox 1329 3084 1379 3144; x_wconf 84' lang='lat' dir='ltr'>Ad</span> <span class='ocrx_word' id='word_1_220' title='bbox 1403 3085 1501 3144; x_wconf 84' lang='lat' dir='ltr'>verba</span> 
     </span>
     <span class='ocr_line' id='line_1_25' title="bbox 328 3194 1500 3274; baseline -0.001 -17"><span class='ocrx_word' id='word_1_221' title='bbox 328 3207 386 3257; x_wconf 84' lang='grc' dir='ltr'>τῶν</span> <span class='ocrx_word' id='word_1_222' title='bbox 418 3206 521 3274; x_wconf 85' lang='grc' dir='ltr'><strong><em>σοφῶν</em></strong></span> <span class='ocrx_word' id='word_1_223' title='bbox 552 3218 581 3256; x_wconf 81' lang='grc' dir='ltr'>τε</span> <span class='ocrx_word' id='word_1_224' title='bbox 611 3194 660 3255; x_wconf 77' lang='grc' dir='ltr'>καὶ</span> <span class='ocrx_word' id='word_1_225' title='bbox 691 3195 844 3274; x_wconf 78' lang='grc' dir='ltr'>μακαρίων</span> <span class='ocrx_word' id='word_1_226' title='bbox 887 3197 1053 3257; x_wconf 81' lang='lat' dir='ltr'>recordare</span> <span class='ocrx_word' id='word_1_227' title='bbox 1083 3211 1165 3270; x_wconf 77' lang='lat' dir='ltr'>quae</span> <span class='ocrx_word' id='word_1_228' title='bbox 1196 3199 1236 3257; x_wconf 84' lang='lat' dir='ltr'>ad</span> <span class='ocrx_word' id='word_1_229' title='bbox 1261 3198 1323 3258; x_wconf 83' lang='lat'>331</span> <span class='ocrx_word' id='word_1_230' title='bbox 1348 3197 1373 3256; x_wconf 83' lang='lat' dir='ltr'><strong>E</strong></span> <span class='ocrx_word' id='word_1_231' title='bbox 1397 3195 1500 3273; x_wconf 84' lang='grc' dir='ltr'>(σοφὸς</span> 
     </span>
     <span class='ocr_line' id='line_1_26' title="bbox 327 3287 1500 3393; baseline -0.002 -22"><span class='ocrx_word' id='word_1_232' title='bbox 327 3311 383 3392; x_wconf 73' lang='grc' dir='ltr'>γάρ</span> <span class='ocrx_word' id='word_1_233' title='bbox 415 3309 464 3371; x_wconf 79' lang='grc' dir='ltr'>καὶ</span> <span class='ocrx_word' id='word_1_234' title='bbox 495 3314 579 3381; x_wconf 77' lang='grc' dir='ltr'><strong><em>θεῖος</em></strong></span> <span class='ocrx_word' id='word_1_235' title='bbox 603 3305 690 3393; x_wconf 79' lang='grc' dir='ltr'>ἁνήρ)</span> <span class='ocrx_word' id='word_1_236' title='bbox 721 3287 952 3369; x_wconf 85' lang='lat' dir='ltr'>annotavimus</span> <span class='ocrx_word' id='word_1_237' title='bbox 976 3310 1009 3369; x_wconf 88' lang='lat' dir='ltr'>et</span> <span class='ocrx_word' id='word_1_238' title='bbox 1032 3309 1134 3384; x_wconf 89' lang='lat' dir='ltr'>ipsius</span> <span class='ocrx_word' id='word_1_239' title='bbox 1158 3309 1300 3371; x_wconf 82' lang='lat' dir='ltr'>Socratis</span> <span class='ocrx_word' id='word_1_240' title='bbox 1322 3310 1500 3372; x_wconf 89' lang='lat' dir='ltr'>testimonii</span> 
     </span>
     <span class='ocr_line' id='line_1_27' title="bbox 328 3422 1497 3500; baseline -0.003 -13"><span class='ocrx_word' id='word_1_241' title='bbox 328 3428 361 3487; x_wconf 91' lang='lat' dir='ltr'>in</span> <span class='ocrx_word' id='word_1_242' title='bbox 393 3426 483 3500; x_wconf 86' lang='lat' dir='ltr'>Apol.</span> <span class='ocrx_word' id='word_1_243' title='bbox 516 3425 557 3484; x_wconf 78' lang='lat'>22</span> <span class='ocrx_word' id='word_1_244' title='bbox 582 3425 607 3484; x_wconf 94' lang='lat' dir='ltr'><strong>B</strong></span> <span class='ocrx_word' id='word_1_245' title='bbox 629 3422 660 3484; x_wconf 81' lang='grc' dir='ltr'>Ο.</span> <span class='ocrx_word' id='word_1_246' title='bbox 693 3423 853 3496; x_wconf 84' lang='lat' dir='ltr'>Ambigue</span> <span class='ocrx_word' id='word_1_247' title='bbox 885 3423 977 3484; x_wconf 87' lang='lat' dir='ltr'>Plato</span> <span class='ocrx_word' id='word_1_248' title='bbox 1007 3424 1081 3484; x_wconf 88' lang='lat' dir='ltr'>illos</span> <span class='ocrx_word' id='word_1_249' title='bbox 1115 3424 1280 3499; x_wconf 81' lang='lat' dir='ltr'>sapientes</span> <span class='ocrx_word' id='word_1_250' title='bbox 1313 3425 1434 3485; x_wconf 90' lang='lat' dir='ltr'>laudat.</span> <span class='ocrx_word' id='word_1_251' title='bbox 1462 3457 1497 3467; x_wconf 80' lang='lat'>-</span> 
     </span>
     <span class='ocr_line' id='line_1_28' title="bbox 329 3527 1359 3618; baseline -0.003 -17"><span class='ocrx_word' id='word_1_252' title='bbox 329 3542 390 3601; x_wconf 91' lang='lat' dir='ltr'>Pro</span> <span class='ocrx_word' id='word_1_253' title='bbox 413 3533 492 3618; x_wconf 67' lang='grc' dir='ltr'><em>ἔγωγ’</em></span> <span class='ocrx_word' id='word_1_254' title='bbox 519 3527 575 3597; x_wconf 76' lang='grc' dir='ltr'>οὖν</span> <span class='ocrx_word' id='word_1_255' title='bbox 598 3538 661 3596; x_wconf 84' lang='lat' dir='ltr'>Ast</span> <span class='ocrx_word' id='word_1_256' title='bbox 683 3539 716 3596; x_wconf 91' lang='lat' dir='ltr'>et</span> <span class='ocrx_word' id='word_1_257' title='bbox 739 3536 838 3597; x_wconf 81' lang='lat' dir='ltr'>Beklr.</span> <span class='ocrx_word' id='word_1_258' title='bbox 863 3545 951 3598; x_wconf 90' lang='lat' dir='ltr'>reete</span> <span class='ocrx_word' id='word_1_259' title='bbox 975 3534 1031 3615; x_wconf 77' lang='grc' dir='ltr'>ἐγὼ</span> <span class='ocrx_word' id='word_1_260' title='bbox 1053 3545 1128 3616; x_wconf 76' lang='grc' dir='ltr'>γοῦν</span> <span class='ocrx_word' id='word_1_261' title='bbox 1152 3538 1359 3613; x_wconf 88' lang='lat' dir='ltr'>scripserunt.</span> 
     </span>
    </p>

    <p class='ocr_par' dir='ltr' id='par_1_7' title="bbox 184 3648 1502 4527">
     <span class='ocr_line' id='line_1_29' title="bbox 184 3648 1501 3728; baseline 0.002 -18"><span class='ocrx_word' id='word_1_262' title='bbox 184 3664 247 3722; x_wconf 74' lang='lat'>336</span> <span class='ocrx_word' id='word_1_263' title='bbox 275 3658 305 3725; x_wconf 72' lang='grc' dir='ltr'><strong>Α</strong></span> <span class='ocrx_word' id='word_1_264' title='bbox 373 3653 478 3712; x_wconf 90' lang='lat' dir='ltr'>Verba</span> <span class='ocrx_word' id='word_1_265' title='bbox 512 3648 544 3710; x_wconf 82' lang='grc' dir='ltr'>τὸ</span> <span class='ocrx_word' id='word_1_266' title='bbox 578 3649 673 3726; x_wconf 81' lang='grc' dir='ltr'><em>φάναι</em></span> <span class='ocrx_word' id='word_1_267' title='bbox 704 3649 872 3709; x_wconf 80' lang='grc' dir='ltr'><em>δίκαιον...</em></span> <span class='ocrx_word' id='word_1_268' title='bbox 886 3649 1025 3727; x_wconf 79' lang='grc' dir='ltr'><em>βλάιιιειν</em></span> <span class='ocrx_word' id='word_1_269' title='bbox 1060 3666 1122 3711; x_wconf 95' lang='lat' dir='ltr'>non</span> <span class='ocrx_word' id='word_1_270' title='bbox 1155 3652 1232 3711; x_wconf 86' lang='lat' dir='ltr'>sunt</span> <span class='ocrx_word' id='word_1_271' title='bbox 1260 3651 1415 3728; x_wconf 84' lang='lat' dir='ltr'>Platonis,</span> <span class='ocrx_word' id='word_1_272' title='bbox 1446 3653 1501 3712; x_wconf 90' lang='lat' dir='ltr'>sed</span> 
     </span>
     <span class='ocr_line' id='line_1_30' title="bbox 329 3761 1502 3843; baseline -0.003 -16"><span class='ocrx_word' id='word_1_273' title='bbox 329 3766 532 3827; x_wconf 85' lang='lat' dir='ltr'>scholiastae.</span> <span class='ocrx_word' id='word_1_274' title='bbox 559 3764 639 3825; x_wconf 80' lang='lat' dir='ltr'>Oum</span> <span class='ocrx_word' id='word_1_275' title='bbox 663 3764 750 3824; x_wconf 91' lang='lat' dir='ltr'>enim</span> <span class='ocrx_word' id='word_1_276' title='bbox 775 3761 807 3823; x_wconf 79' lang='grc' dir='ltr'>τὸ</span> <span class='ocrx_word' id='word_1_277' title='bbox 829 3763 909 3843; x_wconf 78' lang='grc' dir='ltr'><em>ῥῆμα</em></span> <span class='ocrx_word' id='word_1_278' title='bbox 934 3763 1093 3838; x_wconf 78' lang='lat' dir='ltr'>signifieat</span> <span class='ocrx_word' id='word_1_279' title='bbox 1116 3765 1214 3840; x_wconf 91' lang='lat' dir='ltr'>,illud</span> <span class='ocrx_word' id='word_1_280' title='bbox 1234 3765 1390 3841; x_wconf 86' lang='lat' dir='ltr'>dictum&#39;&#39;,</span> <span class='ocrx_word' id='word_1_281' title='bbox 1412 3767 1502 3838; x_wconf 86' lang='lat' dir='ltr'>sequi</span> 
     </span>
     <span class='ocr_line' id='line_1_31' title="bbox 328 3876 1501 3956; baseline -0.004 -13"><span class='ocrx_word' id='word_1_282' title='bbox 328 3897 392 3943; x_wconf 94' lang='lat' dir='ltr'>non</span> <span class='ocrx_word' id='word_1_283' title='bbox 422 3882 530 3956; x_wconf 89' lang='lat' dir='ltr'>potest</span> <span class='ocrx_word' id='word_1_284' title='bbox 559 3876 591 3937; x_wconf 84' lang='grc' dir='ltr'>ιὸ</span> <span class='ocrx_word' id='word_1_285' title='bbox 624 3876 729 3955; x_wconf 81' lang='grc' dir='ltr'><em>φάναι,</em></span> <span class='ocrx_word' id='word_1_286' title='bbox 761 3879 846 3939; x_wconf 85' lang='lat' dir='ltr'>sicut</span> <span class='ocrx_word' id='word_1_287' title='bbox 877 3880 906 3938; x_wconf 88' lang='lat' dir='ltr'>si</span> <span class='ocrx_word' id='word_1_288' title='bbox 936 3894 1011 3939; x_wconf 89' lang='lat' dir='ltr'>enm</span> <span class='ocrx_word' id='word_1_289' title='bbox 1043 3879 1235 3940; x_wconf 80' lang='lat' dir='ltr'>Schneidero</span> <span class='ocrx_word' id='word_1_290' title='bbox 1266 3877 1298 3938; x_wconf 76' lang='grc' dir='ltr'>τὸ</span> <span class='ocrx_word' id='word_1_291' title='bbox 1330 3879 1425 3954; x_wconf 82' lang='grc' dir='ltr'><em>φάναι</em></span> <span class='ocrx_word' id='word_1_292' title='bbox 1447 3894 1501 3953; x_wconf 92' lang='lat' dir='ltr'>pro</span> 
     </span>
     <span class='ocr_line' id='line_1_32' title="bbox 328 3991 1501 4073; baseline -0.004 -16"><span class='ocrx_word' id='word_1_293' title='bbox 328 3997 472 4057; x_wconf 85' lang='lat' dir='ltr'>subiecto</span> <span class='ocrx_word' id='word_1_294' title='bbox 508 3994 728 4070; x_wconf 85' lang='lat' dir='ltr'>habuerimus,</span> <span class='ocrx_word' id='word_1_295' title='bbox 764 3995 948 4054; x_wconf 89' lang='lat' dir='ltr'>necessario</span> <span class='ocrx_word' id='word_1_296' title='bbox 983 3993 1081 4054; x_wconf 90' lang='lat' dir='ltr'>verba</span> <span class='ocrx_word' id='word_1_297' title='bbox 1112 3991 1144 4052; x_wconf 78' lang='grc' dir='ltr'>τὸ</span> <span class='ocrx_word' id='word_1_298' title='bbox 1175 3992 1254 4073; x_wconf 74' lang='grc' dir='ltr'>ρ’ῆμα</span> <span class='ocrx_word' id='word_1_299' title='bbox 1284 3994 1501 4054; x_wconf 87' lang='lat' dir='ltr'>abundabunt.</span> 
     </span>
     <span class='ocr_line' id='line_1_33' title="bbox 327 4103 1502 4187; baseline -0.006 -13"><span class='ocrx_word' id='word_1_300' title='bbox 327 4112 530 4174; x_wconf 74' lang='lat' dir='ltr'>Sententiam</span> <span class='ocrx_word' id='word_1_301' title='bbox 553 4114 613 4180; x_wconf 84' lang='grc' dir='ltr'><strong><em>τοῖς</em></strong></span> <span class='ocrx_word' id='word_1_302' title='bbox 637 4103 690 4186; x_wconf 80' lang='grc' dir='ltr'>μὲν</span> <span class='ocrx_word' id='word_1_303' title='bbox 715 4106 832 4187; x_wconf 77' lang='grc' dir='ltr'><strong><em>ἐχθροῖς</em></strong></span> <span class='ocrx_word' id='word_1_304' title='bbox 855 4108 972 4187; x_wconf 79' lang='grc' dir='ltr'><em>βλάβην</em></span> <span class='ocrx_word' id='word_1_305' title='bbox 997 4104 1169 4184; x_wconf 81' lang='grc' dir='ltr'><em>ὀφείλεσθαι</em></span> <span class='ocrx_word' id='word_1_306' title='bbox 1192 4113 1241 4168; x_wconf 80' lang='grc' dir='ltr'>κτλ</span> <span class='ocrx_word' id='word_1_307' title='bbox 1263 4110 1340 4179; x_wconf 79' lang='grc'><strong>(335</strong></span> <span class='ocrx_word' id='word_1_308' title='bbox 1352 4108 1388 4178; x_wconf 86' lang='grc' dir='ltr'>Ε)</span> <span class='ocrx_word' id='word_1_309' title='bbox 1410 4107 1502 4168; x_wconf 85' lang='lat' dir='ltr'>modo</span> 
     </span>
     <span class='ocr_line' id='line_1_34' title="bbox 328 4220 1501 4301; baseline -0.006 -14"><span class='ocrx_word' id='word_1_310' title='bbox 328 4243 384 4301; x_wconf 91' lang='lat' dir='ltr'>per</span> <span class='ocrx_word' id='word_1_311' title='bbox 418 4223 491 4285; x_wconf 80' lang='grc' dir='ltr'><em>αὐτὸ</em></span> <span class='ocrx_word' id='word_1_312' title='bbox 526 4224 762 4298; x_wconf 83' lang='lat' dir='ltr'>designaverat,</span> <span class='ocrx_word' id='word_1_313' title='bbox 797 4238 883 4283; x_wconf 92' lang='lat' dir='ltr'>nuno</span> <span class='ocrx_word' id='word_1_314' title='bbox 917 4220 949 4281; x_wconf 78' lang='grc' dir='ltr'>τὸ</span> <span class='ocrx_word' id='word_1_315' title='bbox 984 4223 1015 4293; x_wconf 86' lang='lat' dir='ltr'>(i.</span> <span class='ocrx_word' id='word_1_316' title='bbox 1040 4238 1067 4283; x_wconf 91' lang='lat' dir='ltr'>e.</span> <span class='ocrx_word' id='word_1_317' title='bbox 1099 4230 1185 4282; x_wconf 76' lang='grc' dir='ltr'><strong><em>τοῦτο</em></strong></span> <span class='ocrx_word' id='word_1_318' title='bbox 1213 4221 1256 4293; x_wconf 79' lang='grc' dir='ltr'>τὸ)</span> <span class='ocrx_word' id='word_1_319' title='bbox 1287 4221 1366 4301; x_wconf 75' lang='grc' dir='ltr'><em>ῥῆμα</em></span> <span class='ocrx_word' id='word_1_320' title='bbox 1398 4222 1501 4282; x_wconf 83' lang='lat' dir='ltr'>vocat.</span> 
     </span>
     <span class='ocr_line' id='line_1_35' title="bbox 328 4335 1502 4412; baseline -0.006 -10"><span class='ocrx_word' id='word_1_321' title='bbox 328 4343 432 4402; x_wconf 83' lang='lat' dir='ltr'>Locus</span> <span class='ocrx_word' id='word_1_322' title='bbox 463 4355 481 4400; x_wconf 86' lang='lat' dir='ltr'>e</span> <span class='ocrx_word' id='word_1_323' title='bbox 511 4340 607 4412; x_wconf 82' lang='lat' dir='ltr'>Legg.</span> <span class='ocrx_word' id='word_1_324' title='bbox 639 4337 703 4398; x_wconf 87' lang='lat'>838</span> <span class='ocrx_word' id='word_1_325' title='bbox 729 4337 764 4411; x_wconf 90' lang='lat' dir='ltr'>B,</span> <span class='ocrx_word' id='word_1_326' title='bbox 796 4353 894 4410; x_wconf 88' lang='lat' dir='ltr'>quem</span> <span class='ocrx_word' id='word_1_327' title='bbox 926 4337 1072 4397; x_wconf 79' lang='lat' dir='ltr'>Schneid.</span> <span class='ocrx_word' id='word_1_328' title='bbox 1105 4338 1137 4396; x_wconf 92' lang='lat' dir='ltr'>in</span> <span class='ocrx_word' id='word_1_329' title='bbox 1172 4336 1433 4412; x_wconf 86' lang='lat' dir='ltr'>,Additamentis</span> <span class='ocrx_word' id='word_1_330' title='bbox 1464 4335 1502 4395; x_wconf 91' lang='lat' dir='ltr'>ad</span> 
     </span>
     <span class='ocr_line' id='line_1_36' title="bbox 327 4451 1500 4527; baseline -0.007 -12"><span class='ocrx_word' id='word_1_331' title='bbox 327 4454 499 4516; x_wconf 83' lang='lat' dir='ltr'>Civitatem</span> <span class='ocrx_word' id='word_1_332' title='bbox 525 4453 670 4513; x_wconf 87' lang='lat' dir='ltr'>Platonis</span> <span class='ocrx_word' id='word_1_333' title='bbox 693 4451 797 4512; x_wconf 79' lang='lat'>1854”</span> <span class='ocrx_word' id='word_1_334' title='bbox 820 4451 944 4527; x_wconf 85' lang='lat' dir='ltr'>citavit,</span> <span class='ocrx_word' id='word_1_335' title='bbox 969 4461 1017 4511; x_wconf 70' lang='grc' dir='ltr'>ο10</span> <span class='ocrx_word' id='word_1_336' title='bbox 1032 4467 1124 4512; x_wconf 89' lang='lat' dir='ltr'>meae</span> <span class='ocrx_word' id='word_1_337' title='bbox 1144 4451 1281 4510; x_wconf 91' lang='lat' dir='ltr'>minime</span> <span class='ocrx_word' id='word_1_338' title='bbox 1300 4451 1500 4522; x_wconf 88' lang='lat' dir='ltr'>adversatur,</span> 
     </span>
    </p>
   </div>
   <div class='ocr_carea' id='block_1_3' title="bbox 361 4696 1069 4764">
    <p class='ocr_par' dir='ltr' id='par_1_8' title="bbox 361 4696 1069 4764">
     <span class='ocr_line' id='line_1_37' title="bbox 361 4696 1069 4764; baseline -0.007 -18"><span class='ocrx_word' id='word_1_339' title='bbox 361 4696 381 4764; x_wconf 86' lang='lat'>¹)</span> <span class='ocrx_word' id='word_1_340' title='bbox 399 4699 436 4746; x_wconf 72' lang='lat' dir='ltr'>Eu</span> <span class='ocrx_word' id='word_1_341' title='bbox 454 4699 532 4746; x_wconf 75' lang='lat' dir='ltr'>verba</span> <span class='ocrx_word' id='word_1_342' title='bbox 549 4700 705 4759; x_wconf 72' lang='lat' dir='ltr'>significant:</span> <span class='ocrx_word' id='word_1_343' title='bbox 724 4701 871 4761; x_wconf 73' lang='grc' dir='ltr'>προστίθημι</span> <span class='ocrx_word' id='word_1_344' title='bbox 890 4697 961 4750; x_wconf 77' lang='grc' dir='ltr'><strong><em>οὕτως</em></strong></span> <span class='ocrx_word' id='word_1_345' title='bbox 978 4699 1007 4749; x_wconf 79' lang='grc' dir='ltr'>ὡς</span> <span class='ocrx_word' id='word_1_346' title='bbox 1023 4700 1069 4742; x_wconf 72' lang='grc' dir='ltr'><strong><em>κτλ.</em></strong></span> 
     </span>
    </p>
   </div>
   <div class='ocr_carea' id='block_1_4' title="bbox 0 0 1724 5175">
    <p class='ocr_par' dir='ltr' id='par_1_9' title="bbox 0 0 1724 5175">
     <span class='ocr_line' id='line_1_38' title="bbox 0 0 1724 5175; baseline 0 0"><span class='ocrx_word' id='word_1_347' title='bbox 0 0 1724 5175; x_wconf 95' lang='lat' dir='ltr'> </span> 
     </span>
    </p>
   </div>
  </div>
 </body>
</html>
