3417 5175
895 361 934 419 12

328 569 360 627 γε
379 551 453 622 post
473 546 543 606 ὅσον
563 546 785 621 transponenti
805 548 842 606 ut
863 547 941 606 nota
953 547 1117 605 structura
1133 542 1170 605 od
1182 541 1336 621 μέντοι-
1348 565 1380 623 γε
1393 544 1501 615 (verbo

329 662 528 736 interposito)
570 661 662 720 salve
697 661 858 736 evaderet,
895 660 1184 734 obtemperandum
1219 661 1279 721 est.
1323 660 1501 733 Postquam

329 770 358 852 γ’
391 777 465 849 post
495 772 566 833 ὅσον
593 774 770 849 interierat,
794 775 953 834 corrector
977 774 1107 846 quidam
1132 794 1164 851 γε
1185 774 1219 832 in
1243 772 1366 834 malam
1389 774 1500 835 sedem

330 888 482 962 reposuit.

185 998 248 1058 330
278 992 308 1059 Α
376 1002 505 1075 Optime
535 1004 597 1061 Ast
628 1002 735 1072 (1814)
767 1003 875 1062 Attice
904 1000 1076 1079 εὐδοκιμοίη
1104 1002 1279 1078 rescripsit,
1304 1003 1339 1061 at
1362 1002 1501 1063 editores

328 1132 391 1176 non
423 1116 656 1191 obtemperant,
689 1130 888 1189 quamquam
920 1116 1015 1175 multi
1046 1115 1191 1205 Platonis
1216 1116 1341 1177 codices
1365 1116 1446 1185 (Par.
1471 1115 1499 1173 A

328 1229 380 1288 hio
400 1229 475 1298 illic)
494 1229 634 1290 formam
647 1229 792 1290 Atticam
804 1233 986 1290 servarunt.
1001 1229 1126 1301 Ubique
1139 1228 1265 1289 Platoni
1282 1229 1501 1303 optativorum

327 1343 450 1403 formae
477 1342 560 1419 -οίην
587 1345 620 1402 et
643 1341 721 1424 -ῴην
744 1343 924 1403 reddendae
947 1344 1025 1402 sunt
1048 1344 1216 1417 propterea
1240 1343 1322 1415 quod
1348 1338 1504 1400 ATTIOE

326 1455 418 1517 Plato
450 1456 589 1529 scripsit.
623 1491 653 1500 -
682 1456 719 1514 In
750 1452 852 1529 §ult
886 1455 1032 1516 Schneid.
1065 1456 1176 1516 Herm.
1202 1456 1285 1515 Bait.
1311 1455 1441 1529 Gampb.
1465 1450 1502 1511 τὰ

326 1565 403 1627 πλέω
427 1569 634 1642 scripserunt,
658 1569 742 1629 sieut
766 1584 815 1643 ap.
840 1569 967 1629 Atticos
990 1569 1165 1643 singularis
1188 1572 1293 1630 neutr.
1317 1569 1384 1629 fere
1408 1565 1500 1626 πλέον

328 1685 388 1742 est.
413 1682 473 1741 Per
496 1692 522 1739 ἐλ
544 1697 594 1756 ap.
618 1682 745 1742 Atticos
769 1682 864 1755 vulgo
885 1682 968 1752 (vide
988 1676 1217 1743 Meisterhans²
1235 1698 1264 1757 p.
1285 1683 1357 1753 120)
1378 1682 1502 1742 formae

328 1797 512 1856 contractae
543 1797 725 1856 scribuntur
756 1795 855 1866 (πλείω
879 1830 918 1839 -—
936 1812 1002 1857 acc.
1027 1798 1110 1870 sing.
1134 1799 1167 1857 et
1190 1795 1271 1871 plur.
1287 1811 1338 1871 ·-‚
1361 1794 1501 1871 πλείους),

327 1910 436 1983 itaque
459 1910 488 1969 si
510 1925 574 1969 ααο
598 1910 650 1971 vel
673 1909 793 1971 duobus
815 1910 894 1972 locis
922 1911 992 1971 Par.
1018 1911 1046 1969 A
1069 1906 1177 1981 πλέους
1200 1912 1234 1970 et
1256 1906 1334 1969 πλέα
1358 1910 1501 1985 praebet,

326 2039 389 2084 non
421 2024 708 2098 obtemperandum
739 2026 799 2100 est,
831 2040 909 2084 nam
941 2024 974 2084 in
997 2025 1225 2098 orthographia
1248 2024 1396 2083 omnium
1418 2023 1500 2084 codi-

326 2152 401 2196 cum
432 2138 608 2211 perexigua
637 2139 688 2197 est
713 2136 803 2198 fides.
828 2138 928 2198 Recte
951 2138 1050 2211 igitur
1073 2136 1194 2197 Wohlr.
1219 2134 1255 2195 κὰ
1277 2134 1366 2194 πλείω
1390 2136 1499 2196 rescri-
1594 2134 1597 2138 ’

327 2251 401 2310 bere
420 2266 483 2310 non
500 2251 731 2311 reformidavit.
753 2251 952 2324 Trisyllabae
971 2266 1096 2324 quoque
1116 2251 1239 2311 formae
1259 2265 1309 2324 ap.
1330 2249 1499 2310 Platonem

326 2378 383 2437 per
404 2373 431 2421 rr
461 2364 542 2423 mihi
572 2365 758 2425 scribendae
790 2365 950 2441 videntur,
981 2366 1037 2425 sed
1060 2360 1150 2423 πλέον
1172 2364 1277 2424 multo
1300 2363 1502 2435 frequentius

328 2476 465 2537 occurrit
485 2492 584 2550 quam
602 2480 713 2553 πλεῖον,
734 2478 781 2536 ita
798 2480 834 2537 ut
853 2493 917 2538 non
938 2479 1082 2538 dubitem
1103 2478 1179 2550 quin
1197 2478 1315 2538 melius
1327 2477 1372 2537 sit
1384 2477 1501 2550 ubique

327 2587 416 2649 πλέον
448 2591 620 2652 restituere
655 2593 729 2662 (vid.
762 2592 975 2654 Meisterhans
1000 2593 1020 2652 l.
1045 2594 1076 2663 l.)
1104 2625 1142 2636 -
1167 2593 1267 2653 Paulo
1298 2594 1379 2666 post,
1404 2592 1497 2651 unice

329 2718 440 2763 veram
470 2705 664 2779 scripturam
696 2721 767 2767 esse
797 2700 860 2765 ποῖ’
885 2704 1089 2784 ἐπεκτησάμην
1112 2710 1186 2781 post
1210 2707 1341 2765 Aetium
1367 2706 1426 2765 viri
1450 2704 1500 2764 dd.

327 2832 442 2878 omnes
471 2822 705 2894 perspexerunt
731 2822 859 2895 praeter
883 2821 959 2881 clar.
984 2821 1141 2881 Richards
1164 2819 1276 2889 (Glass
1301 2819 1379 2879 Rev.
1408 2818 1503 2887 1893)

327 2929 451 3008 πότερον
474 2946 530 3006 pro
554 2927 619 2991 ποῖ’
645 2934 867 2994 conicientem.
894 2929 964 2993 Ποῖ’
993 2934 1220 2995 adverbialiter
1240 2932 1422 2994 adhibitum
1442 2932 1502 3006 est,

328 3047 361 3104 et
392 3036 486 3106 modo
518 3048 565 3116 (ut
588 3046 650 3122 hic,
673 3046 811 3121 Euthyd.
837 3049 899 3106 291
926 3048 965 3124 A,
990 3048 1084 3122 Hipp.
1110 3048 1182 3108 Mai.
1205 3048 1268 3107 285
1293 3046 1330 3116 D)
1354 3045 1504 3106 mirantis

328 3160 361 3216 et
390 3157 506 3218 leniter
536 3159 671 3219 ridentis
704 3163 763 3232 est,
796 3162 891 3221 modo
915 3161 1049 3222 acerbae
1072 3161 1212 3222 irrisioni
1236 3161 1270 3221 et
1293 3157 1505 3233 indignationi

296 3319 302 3333 .
329 3272 403 3342 (vid.
436 3273 528 3346 Gorg.
561 3274 626 3333 490
647 3274 683 3348 D,
715 3274 824 3334 49οΕ
854 3279 926 3334 ποῖα
957 3272 1151 3351 ὑποδήματα;
1182 3278 1324 3353 φλυαρεῖς
1354 3271 1436 3350 ἔχων)
1460 3272 1504 3330 in·

275 3393 305 3456 Β
328 3386 439 3446 servit.
465 3381 485 3468 Η
509 3385 591 3446 (liar.
624 3387 894 3448 Hemsterhusius
923 3391 1011 3459 (note
1042 3390 1198 3464 inscripta
1220 3388 1254 3447 in
1276 3387 1380 3462 ipsius
1403 3387 1505 3446 Plato-

329 3500 380 3558 nis
412 3500 590 3572 exemplari
621 3500 720 3573 Lugd.
753 3501 825 3562 Bat.
857 3504 1036 3571 asservato)
1061 3502 1099 3562 ci.
1124 3501 1240 3573 Λυσίας
1263 3497 1508 3576 prosternentem,

329 3611 417 3671 idem
444 3611 549 3673 Groen
572 3630 602 3674 v.
631 3614 812 3675 Prinsterer
836 3615 934 3685 (Pros.
960 3616 1066 3689 Plat.)‚
1091 3630 1173 3688 quae
1198 3625 1230 3674 α’ι
1254 3615 1373 3676 Stallb⁰
1396 3611 1506 3684 (1858)

1358 3717 1373 3746 (1

294 3842 297 3845 ¹
328 3767 397 3826 iure
431 3782 495 3828 non
530 3769 703 3844 displicuit.
739 3771 922 3845 Utrumque
957 3786 1077 3831 nomen
1108 3770 1296 3845 compendio
1328 3774 1378 3829 Λν
1409 3768 1507 3830 scribi

674 3856 687 3901 e
1312 3861 1324 3902 r

328 3922 463 4000 solebat,
495 3924 580 3984 sicut
604 3919 686 4002 Ἥρω
719 3928 752 3986 et
770 3920 956 4004 Ἡρωδιανὸς
981 3928 1013 3987 bt
1031 3921 1180 4005 Ἡρώδης,
1205 3926 1257 3986 vel
1285 3927 1324 3984 Φι
1349 3927 1381 3986 'et
1407 3923 1508 3983 Φίλων

328 4038 362 4096 et
387 4035 544 4108 Φιλόξενος
568 4040 601 4097 et
627 4037 773 4110 Φίλιππος
798 4037 969 4112 significat.
996 4074 1036 4082 —
1062 4040 1196 4100 Frustra
1222 4039 1282 4098 viri
1305 4039 1355 4099 dd.
1381 4039 1413 4098 in
1437 4052 1507 4097 ver-

326 4151 376 4210 bis
399 4148 505 4210 έλολεκοο
529 4148 623 4228 αὐτὴν
647 4149 766 4228 έπολησε
791 4169 858 4214 voc.
884 4151 979 4230 αὐτην
1003 4168 1045 4213 ex
1069 4153 1199 4226 linguae
1223 4153 1350 4226 legibus
1375 4150 1508 4226 cephali

328 4266 382 4326 avi
412 4281 483 4326 rem
515 4265 711 4326 familiarem
736 4265 918 4340 significare
941 4282 1036 4341 posse
1060 4267 1186 4341 putant,
1212 4280 1288 4326 cum
1312 4265 1383 4325 sino
1407 4279 1507 4324 sensu

327 4376 433 4438 οὐσίαν
465 4377 538 4457 ὅσην
565 4376 706 4458 κέκτημαι
733 4374 753 4450 ¹)
778 4380 914 4455 indicet;
938 4380 1169 4455 haplographia
1191 4382 1259 4440 tres
1283 4379 1411 4440 litterae
1436 4393 1509 4439 eva·
1559 4357 1562 4362 ⁵

361 4647 382 4715 ¹)
400 4651 459 4699 Sive
475 4652 516 4711 τὴν
535 4655 688 4717 ὑπάρχουσαν
705 4655 793 4699 οὐσίαν.
