3417 5175
876 403 939 462 114

302 588 461 649 ‘irrisione
497 588 645 649 Socrates
675 588 838 663 loquitur),
871 589 980 662 itaque
1011 588 1189 649 verisimile
1219 590 1270 650 est
1302 589 1497 663 scriptorem

316 717 451 762 causam
482 702 578 762 huius
605 702 682 764 dicti
705 701 877 762 addidisse.
906 701 993 777 Quae
1016 717 1091 762 cum
1115 717 1215 762 cause
1238 702 1272 762 in
1296 703 1498 776 praegressis

316 830 379 874 non
411 815 573 890 appareat,
606 815 861 875 consentaneum
893 815 945 873 est
977 828 1051 874 eam
1077 815 1111 873 in
1143 815 1353 888 sequentibus
1382 816 1497 876 latere.

317 926 393 986 Mihi
427 927 526 1001 igitur
556 928 684 989 videtur
714 926 806 987 Plato
838 926 886 987 sic
918 926 1105 1001 scripsisse:
1139 926 1178 999 ὥς
1210 944 1286 1003 φασι
1315 927 1432 1006 κρείττω
1458 925 1497 1003 δὴ

315 1038 409 1099 αὑτοῦ
429 1040 594 1116 φαίνεσθαι
609 1035 629 1112 ¹)
650 1045 705 1113 (sc.
726 1044 802 1111 τινα)
823 1037 880 1100 οὐκ
899 1032 957 1099 oii'
977 1044 1025 1099 κτλ
1046 1041 1066 1102 i.
1081 1058 1108 1103 θ.
1135 1043 1273 1118 „videtur
1292 1042 1499 1118 temperantia

315 1172 375 1216 csse
404 1152 553 1231 κόσμος
576 1177 634 1225 τις
656 1152 722 1213 καί
745 1152 847 1214 ἐντιθ.
872 1152 981 1233 ipso,
1004 1157 1155 1229 quonum
1178 1158 1317 1217 homiues
1336 1158 1444 1217 dieunt
1467 1172 1499 1217 sc

313 1271 379 1345 apso
405 1269 565 1345 fortiorem
591 1270 741 1345 praehere
771 1270 845 1329 etc.”
878 1268 957 1329 Fere
988 1284 1102 1329 omues
1135 1271 1224 1331 editt.
1251 1271 1374 1341 (Stallb.
1399 1271 1497 1331 Schn.

314 1381 426 1444 Herm.
459 1383 618 1444 schmelz.
652 1382 793 1458 campe.)
825 1398 905 1443 voce
935 1382 1095 1458 φαίνονται
1127 1385 1233 1444 deleta
1257 1381 1387 1463 λέγοντες
1411 1400 1497 1446 rece·

314 1498 447 1573 perunt;
472 1512 548 1557 cum
571 1498 682 1557 autem
703 1495 742 1567 ae
762 1512 837 1571 φασι
857 1498 986 1556 vertant
1005 1511 1061 1572 per
1083 1499 1141 1574 „ut
1162 1498 1305 1573 dicunt',
1327 1497 1496 1557 neminem

313 1610 416 1682 fugiet
438 1610 486 1669 sic
509 1609 653 1683 particip.
677 1606 809 1687 λέγοντες
833 1609 918 1670 etin
940 1624 1014 1669 aere
1034 1591 1231 1685 suspensum
1252 1624 1326 1669 esse
1348 1611 1381 1669 et
1400 1610 1497 1685 plane

314 1722 486 1782 abundare.
531 1722 664 1783 Veteres
703 1724 842 1783 editores
876 1724 951 1797 post
987 1738 1061 1798 φασι
1096 1723 1188 1798 plene
1225 1723 1499 1796 interpungebant

314 1851 417 1909 neque
451 1836 546 1897 aliter
579 1836 649 1896 sine
684 1836 780 1896 dubio
814 1836 979 1897 Dohraeus
1014 1837 1161 1907 (Advers
1199 1835 1274 1896 cru.
1311 1836 1406 1906 1830)
1439 1852 1498 1910 pro

312 1948 473 2024 φαίνονται
503 1950 665 2010 coniciens
696 1948 789 2023 φασίν
816 1971 892 2025 τινα,
915 1951 954 2010 ad
979 1965 1078 2023 quam
1103 1950 1323 2011 coniecturam
1346 1950 1496 2023 proxime

313 2063 437 2124 accedit
460 2064 619 2124 Badhami
642 2064 788 2133 (Phaedri
812 2064 873 2133 ed.)
901 2084 999 2139 φαμεν
1019 2078 1075 2137 pro
1097 2062 1255 2139 φαίνονται
1278 2063 1494 2123 emendantis.

313 2177 493 2249 Madvigius
529 2178 626 2251 (prob.
661 2177 791 2238 Baitero
826 2178 860 2237 et
896 2176 1051 2237 Schanzio
1084 2177 1118 2235 in
1153 2176 1233 2237 libro
1271 2176 1396 2253 „Ueber
1430 2176 1494 2236 den

314 2289 525 2350 Plato-Codex
553 2291 604 2350 etc
631 2291 748 2360 1877'’)
773 2290 812 2350 ci.
837 2288 985 2363 φαίνοντα
1009 2288 1108 2357 (neut.
1134 2290 1226 2364 plur.)
1250 2304 1308 2363 pro
1331 2287 1494 2364 φαίνονται

313 2403 491 2477 speciosius
515 2419 615 2477 quam
639 2404 748 2463 verius
770 2405 808 2462 ut
830 2403 1067 2464 demonstravit
1091 2404 1248 2464 Richards
1272 2402 1384 2474 (Oiass.
1410 2403 1492 2464 Rev.

316 2514 422 2592 1893),
455 2531 531 2576 nam
564 2517 631 2575 vim
660 2516 837 2591 particulae
861 2535 920 2576 ττον
945 2516 995 2576 vir
1017 2516 1227 2577 doctissimus
1249 2517 1345 2592 plane
1368 2517 1495 2591 sprevit

314 2634 347 2692 et
366 2619 528 2693 duriorem
549 2632 676 2706 ellipsin
693 2631 841 2706 admisit;
855 2632 1018 2705 poeticum
1031 2632 1168 2704 denique
1181 2630 1261 2690 mihi
1274 2629 1423 2705 φαίνοντα
1435 2646 1493 2704 pro

313 2753 457 2806 ποιοῦντα
476 2761 502 2806 s.
524 2742 746 2824 ἀπεργαζόμενα
765 2761 792 2806 s.
812 2741 977 2823 παρέχοντα
998 2745 1126 2805 videtur
1138 2737 1171 2816 ²).
1192 2744 1365 2805 Praeterea
1376 2743 1491 2805 stallo.

314 2860 347 2919 et
369 2859 549 2933 Madvigius
569 2859 668 2919 verbe
686 2855 760 2917 ίίίία
778 2854 850 2916 ίίττα
863 2904 868 2916 .
882 2904 888 2916 .
902 2903 928 2916 ..
948 2854 1058 2937 λέγεται
1078 2858 1230 2918 adiuncta
1249 2873 1323 2919 esse
1335 2859 1495 2933 putarunt

314 2974 353 3034 ad
382 2970 492 3049 κόσμος
521 2968 572 3030 καί
603 2968 763 3051 ἐγκράτεια,
793 2971 880 3032 male
912 2972 940 3030 si
971 2971 1046 3045 quid
1070 2971 1173 3046 video,
1207 2985 1284 3031 nam
1317 2971 1493 3032 manifesto

312 3085 403 3146 Plato
437 3086 515 3146 dicit
548 3084 763 3160 proverbialis
796 3085 956 3146 eiusmodi
986 3085 1072 3145 dicta
1102 3084 1197 3156 quale
1228 3081 1322 3142 αὑτοῦ
1353 3083 1493 3161 κρείττων

312 3199 476 3275 φαίνεσθαι
495 3216 568 3261 esse
588 3198 685 3277 ὥσπερ
709 3198 775 3277 ἴχνη
789 3190 811 3269 ³)
834 3198 1070 3273 temperantiae
1094 3197 1245 3257 notionis.
1272 3197 1493 3257 Doctissimus

313 3313 348 3374 Ο.
380 3313 478 3388 Apelt
508 3313 636 3387 (Gymn.
668 3312 814 3373 Jahresb.
849 3312 1003 3373 Weimar.
1029 3312 1124 3382 1880)
1149 3313 1231 3372 item
1254 3312 1406 3385 Madvigii
1429 3313 1494 3372 cam

312 3400 499 3502 improbans
532 3428 627 3501 putat
662 3441 775 3487 vocem
810 3424 970 3501 φαίνονται
1004 3441 1023 3486 a
1057 3425 1199 3499 quodem
1233 3425 1377 3485 additam
1416 3441 1491 3486 esee

314 3540 447 3601 voculae
471 3538 508 3616 δὴ
529 3541 737 3615 explicandae
757 3554 866 3616 causa,
886 3539 943 3599 sed
963 3540 1061 3611 verba
1080 3537 1199 3616 κρείττω
1219 3535 1257 3614 δὴ
1277 3536 1370 3597 αὑτοῦ
1390 3534 1493 3618 ίέγον-

313 3675 358 3725 τες
372 3699 476 3712 ......
499 3653 610 3733 τρόντον
633 3671 689 3730 per
708 3655 862 3728 exegesin
885 3669 904 3714 a
923 3655 1079 3730 scriptore
1104 3654 1213 3714 addita
1237 3669 1310 3714 esee
1331 3653 1370 3714 ad
1393 3653 1494 3714 verba

314 3765 464 3847 ἐγκράτεια
484 3766 523 3839 ὥς
543 3784 626 3842 φασι.
646 3766 761 3829 Credat
780 3768 920 3828 Iudaeus
940 3767 1070 3841 Apella!
1092 3767 1249 3827 Richards
1262 3766 1399 3840 denique
1412 3766 1444 3837 (l.
1457 3766 1492 3837 l.)

313 3897 370 3957 pro
401 3881 560 3959 φαίνονται
591 3881 670 3955 legit
691 3879 919 3958 ἀποφαίνοντες.
942 3882 1003 3942 Pro
1026 3877 1137 3960 λέγεται
1159 3880 1368 3941 Hermannus
1392 3881 1492 3955 (prob.

314 4012 379 4057 uno
402 3996 572 4067 schmelz.)
597 3996 736 4056 correxit
759 3993 906 4072 φαίνεται,
929 3995 999 4054 sine
1023 3994 1091 4054 ulla
1114 4008 1223 4054 causa.
1244 3993 1364 4054 Totum
1383 3993 1493 4055 locum

315 4112 362 4173 sic
396 4112 601 4173 scribendum
632 4110 727 4184 pllio:
763 4108 873 4186 κόσμος
902 4108 963 4168 πού
994 4129 1037 4180 τις
1050 4152 1136 4168 .....
1157 4105 1318 4187 ἐγκράτεια,
1347 4105 1388 4179 ὥς
1417 4123 1494 4184 φασι

313 4223 431 4306 κρείττω
451 4223 489 4302 δὴ
509 4224 603 4285 αὑτοῦ
623 4223 796 4301 φαίνεσθαι,
814 4220 871 4282 οὐκ
883 4267 1029 4281 ........
1049 4219 1169 4302 τρόπον,
1180 4217 1231 4280 καὶ
1242 4215 1300 4281 dll’
1316 4216 1388 4280 drea
1398 4265 1490 4282 ......

350 4532 369 4597 ¹)
387 4536 507 4583 Fortasse
524 4539 653 4598 φαίνοοθαι
671 4547 685 4581 e
703 4546 755 4591 mg.
772 4530 884 4591 irrepsit.

347 4610 367 4677 ¹)
386 4614 424 4660 of.
444 4615 521 4674 Soph.
538 4615 607 4662 Aiao.
627 4615 691 4660 1³62
709 4615 768 4673 ἡμᾶς
784 4612 814 4658 σὺ
831 4610 980 4664 incivilem...
999 4616 1084 4672 φακοῖς.

346 4690 368 4755 ³)
386 4692 425 4741 Ad
441 4695 496 4754 ἴχνη
514 4694 547 4741 oi.
566 4695 614 4740 365
624 4694 647 4739 D
664 4694 698 4740 in.
