3417 5175
781 402 819 459 21

209 586 292 647 inter
323 602 359 647 se
390 602 454 646 ιιοιι
478 585 659 655 contrariis)
683 583 715 644 τὸ
740 583 896 661 δαιμόνιόν
920 606 948 644 τε
971 582 1021 644 καὶ
1044 584 1075 645 τὸ
1100 588 1185 645 θεῖον
1210 587 1308 661 (Rep.)
1334 590 1385 649 vel

210 695 225 758 ὁ
248 696 361 758 ἀδικῶν
384 720 413 757 τε
436 696 486 757 καὶ
510 693 526 757 ὅ
550 694 652 768 ἄδικός
676 695 805 775 (sors).
831 699 1002 759 Postrema
1025 701 1150 760 ratione
1173 715 1269 774 saepe
1290 701 1386 761 Hero·

211 813 306 873 dotus
336 827 417 872 usus
445 814 505 888 est,
530 812 570 872 ci.
595 828 646 872 err.
671 826 717 884 gr.
741 812 790 872 111
816 813 856 873 16
881 812 950 888 ult,
978 813 1050 873 109.
1083 813 1114 872 Π
1141 814 1214 889 115,
1241 814 1314 890 154,
1337 815 1387 874 vel

211 926 244 985 in
268 925 454 986 nominibus
477 924 700 986 numeralibus
723 925 896 985 afferendis
919 942 949 985 v.
968 942 994 986 c.
1017 918 1171 996 rigescat
1195 925 1378 1002 πεντήκοντα

212 1039 333 1115 Quarta
370 1039 507 1112 denique
541 1038 823 1099 substantivorum
854 1038 1106 1113 copulandorum
1137 1040 1220 1099 ratio
1254 1055 1293 1099 ea
1327 1043 1388 1115 est,

210 1168 274 1225 qua
306 1152 387 1213 coni.
419 1173 448 1210 τε
482 1151 597 1211 statim
629 1153 704 1225 post
733 1151 909 1212 arttculum
932 1154 1078 1226 ponitur;
1110 1152 1315 1213 conferantur
1339 1168 1388 1227 ap.

211 1266 293 1327 Plat.
326 1268 406 1326 haec
437 1266 512 1337 (alia
540 1280 582 1326 ex
612 1266 686 1326 aliis
717 1266 853 1339 dialogis
885 1266 1068 1341 desumpta)
1099 1267 1267 1341 exempla:
1301 1264 1333 1325 τό
1360 1287 1390 1325 τε

211 1376 313 1457 ύρτιον
343 1376 394 1438 καὶ
424 1377 457 1437 τὸ
487 1376 632 1457 περιττόν,
660 1378 730 1449 τούς
760 1399 790 1437 τε
814 1378 931 1455 μείζους
954 1375 1096 1451 καὶτοὺς
1120 1376 1265 1456 ἐλάττους,
1287 1377 1338 1450 τύς
1361 1400 1390 1438 τε

212 1490 377 1572 ἀναγκαίας
401 1489 564 1569 ἐπιθυμίας
587 1488 637 1549 καὶ
660 1488 711 1563 τὰς
734 1490 785 1568 μή,
808 1490 839 1551 τό
863 1512 892 1551 τε
915 1489 951 1551 ὃν
974 1489 1024 1550 καὶ
1048 1490 1080 1551 τὸ
1101 1489 1142 1569 μὴ
1163 1489 1207 1569 iv,
1227 1493 1300 1553 alia.
1321 1492 1391 1552 Non

211 1622 284 1666 raro
307 1606 341 1665 in
366 1605 486 1666 talibus
510 1605 593 1666 alter
615 1604 772 1666 articulus
791 1606 825 1665 in
845 1606 934 1666 codd.
957 1606 1099 1666 omissus
1120 1608 1181 1682 est,
1202 1607 1285 1680 quod
1298 1608 1390 1667 casui

210 1721 262 1781 vel
297 1720 440 1781 incuriae
471 1719 688 1795 librariorum,
722 1721 807 1779 haud
838 1720 1006 1793 scriptoris
1036 1721 1069 1779 in
1098 1720 1265 1781 scribendo
1296 1720 1391 1794 negli-

206 1834 336 1908 gentiae
369 1833 575 1893 tribuendum
609 1848 682 1893 esse
714 1847 777 1892 non
809 1833 905 1893 modo
934 1833 1128 1894 creberrima
1152 1834 1312 1910 exempla,
1338 1834 1392 1893 ubi

209 1946 369 2007 articulus
393 1947 544 2006 servatus
568 1949 629 2021 est,
654 1946 889 2022 demonstrant,
914 1946 970 2006 sed
991 1947 1184 2020 praesertim
1205 1948 1276 2021 ipsa
1295 1947 1392 2007 huius

210 2059 424 2135 copulationis
461 2060 520 2135 vis,
556 2074 638 2132 quae
668 2058 796 2118 omilim
821 2074 888 2133 pur
919 2060 970 2120 est
1001 2059 1171 2133 copulandi
1197 2076 1254 2135 per
1277 2056 1392 2118 καὶ-καὶ

211 2173 338 2234 rationi.
370 2173 440 2232 Non
472 2172 579 2232 solum
612 2172 711 2247 igitur
741 2172 898 2233 articulus
930 2172 979 2243 (cf.
1012 2172 1089 2247 Rep.
1115 2175 1178 2233 433
1203 2173 1240 2243 D)
1263 2188 1392 2248 semper

210 2286 377 2347 iterandus
400 2287 461 2361 est,
486 2286 542 2345 sed
566 2285 666 2346 etiam
691 2286 843 2346 adverbia
866 2280 886 2355 ¹)
911 2287 944 2347 et
966 2286 1219 2360 praepositiones
1240 2286 1290 2356 (ci.
1312 2287 1390 2362 Rep,

210 2400 274 2460 429
300 2399 383 2469 01)).
409 2400 488 2460 Fere
519 2400 636 2472 ubique
668 2399 757 2460 nullo
788 2400 917 2473 negotio
941 2400 1098 2471 articulus
1123 2400 1174 2460 vel
1197 2400 1391 2475 praepositio

211 2513 356 2573 revocari
388 2514 506 2591 potest,
536 2514 620 2588 quod
644 2514 699 2574 ubi
722 2512 792 2575 fleri
816 2515 929 2589 nequit
952 2516 1061 2575 autre
1084 2515 1117 2574 in
1141 2536 1172 2594 γε
1196 2488 1390 2575 mutandum

212 2632 255 2698 (v.
281 2643 308 2688 c.
332 2627 427 2703 Hipp.
448 2628 521 2689 Mai.
543 2630 607 2689 285
630 2628 662 2705 0,
683 2629 737 2689 ubi
756 2629 952 2703 praecedens
973 2627 1046 2688 ἀλλὰ
1067 2645 1168 2704 paene
1189 2629 1389 2690 clamatPla-

211 2743 324 2802 ionem
359 2742 529 2816 scripsisse
564 2739 704 2801 oilli...
717 2742 786 2821 περί
816 2763 849 2821 γε
884 2741 1063 2821 γραμμάτων
1097 2740 1146 2802 καὶ
1178 2746 1227 2801 κτλ
1259 2743 1279 2803 i.
1305 2757 1332 2802 θ.
1357 2743 1391 2802 ai

211 2855 330 2916 saltem
363 2858 435 2926 etc.)
466 2857 523 2916 aut
554 2877 583 2915 τε
614 2858 688 2930 post
719 2857 962 2917 substantivum
994 2857 1213 2931 reponendum
1235 2849 1267 2925 ²).
1299 2855 1392 2915 Nunc

213 2970 385 3030 redeamus
407 2970 448 3030 ad
471 2972 583 3030 nostra
606 2971 705 3031 verba
728 2968 779 3030 τὸν
803 2970 892 3043 φίλον
915 2967 964 3028 καὶ
985 2968 1104 3047 ἐχθρόν,
1126 2984 1208 3042 quae
1229 2969 1308 3029 mihi
1328 2983 1391 3027 non

214 3083 324 3143 minus
347 3086 497 3158 corrupta
519 3084 670 3144 videntur
694 3099 793 3157 quam
813 3083 911 3144 verba
936 3082 1040 3156 (Gorg.
1062 3083 1126 3142 499
1147 3082 1186 3150 Α)
1203 3079 1254 3140 τὸν
1274 3078 1392 3160 ἀγαυὸν

213 3193 264 3255 καὶ
295 3196 400 3275 κακόν,
430 3197 518 3272 (Rep.
543 3198 609 3257 400
632 3197 659 3256 D
683 3190 717 3268 ³))
740 3195 772 3256 τὸ
796 3195 979 3274 εὐάρμοστον
1003 3193 1053 3255 καὶ
1077 3193 1273 3272 ἀνάρμοστον,
1296 3194 1392 3264 (ibid.)

214 3307 282 3388 περὶ
312 3309 365 3369 τοῦ
396 3310 527 3370 δυνατοῦ
550 3308 601 3370 καὶ
623 3309 674 3388 μή,
696 3311 814 3385 (Gorg.)
838 3307 905 3388 περὶ
927 3292 983 3370 τοῦ·
1004 3306 1117 3368 ἀδικεῖν
1141 3305 1189 3368 καὶ
1214 3304 1393 3384 ἀδικεῖσθαι,

215 3423 301 3494 (ibid.
323 3424 435 3493 51711)
461 3421 486 3499 ὅ,
508 3446 535 3482 τι
559 3420 591 3483 τὸ
614 3421 740 3501 χρηστὸν
763 3420 813 3482 καὶ
837 3421 982 3500 πονηρόν,
1006 3422 1093 3496 (Rep.
1108 3422 1171 3482 378
1185 3422 1224 3491 A)
1247 3417 1394 3480 τὰ...τοῦ

218 3534 339 3614 Κρόνου
371 3534 441 3615 ἔργα
471 3533 522 3595 καὶ
553 3535 640 3612 πύθη
667 3534 726 3596 ὑπὸ
751 3543 803 3596 τοῦ
827 3534 918 3611 υἱέος,
941 3537 1014 3597 alia.
1039 3538 1077 3596 In
1101 3535 1152 3595 nis
1176 3536 1209 3596 et
1232 3535 1394 3595 similibus

216 3653 297 3714 locis
328 3650 450 3712 librarii
481 3651 576 3711 modo
609 3650 805 3724 negligentia
836 3651 889 3710 vel
921 3650 1096 3711 articulum
1128 3649 1179 3709 vel
1203 3649 1396 3709 coniunctio·

217 3781 295 3827 nem
319 3786 348 3824 τε
372 3768 481 3838 (quam
514 3763 697 3824 sexcenties
720 3763 806 3823 male
830 3763 989 3833 inserunt)
1013 3763 1203 3838 omiserunt,
1229 3763 1323 3823 modo
1347 3763 1397 3821 lit·

217 3886 366 3942 terarum
389 3876 602 3938 similitudine
621 3876 747 3950 decepti
771 3876 867 3946 (sicut
890 3878 922 3936 in
947 3877 1041 3950 Gorg.
1067 3878 1130 3936 511
1153 3876 1178 3935 Ε
1200 3873 1250 3934 καὶ
1273 3877 1397 3934 ΤΟΠΟ-

256 4134 276 4196 1)
294 4137 473 4185 31.Ηοιοᾱοι.
491 4137 518 4182 Π
536 4138 584 4184 145
602 4139 647 4184 abl
664 4151 689 4183 τι
705 4140 846 4196 λογιζόμινοι
865 4139 903 4184 καὶ
922 4138 965 4183 alst
984 4141 1030 4184 κτλ.

252 4212 372 4274 ²)Huius
390 4216 477 4263 mendi
495 4216 567 4275 origo
584 4216 610 4262 in
629 4218 718 4276 aperto
737 4218 790 4263 est:
810 4216 833 4262 si
850 4218 1009 4262 correctores
1026 4217 1144 4263 voculam
1161 4231 1192 4270 τε,
1211 4230 1225 4260 a
1243 4213 1354 4259 librariis
1374 4215 1400 4259 in

215 4296 327 4343 formula
352 4311 377 4342 τι
401 4298 438 4343 κού
457 4296 601 4342 sexcenties
620 4296 751 4352 omissam,
774 4295 947 4354 negligentius
966 4295 1033 4342 inter
1051 4308 1142 4342 versus
1159 4293 1318 4353 addiderant,
1337 4306 1399 4339 non·

216 4388 348 4434 nunquam
372 4374 507 4421 accidebat
529 4377 560 4420 ut
582 4376 613 4436 is,
637 4375 680 4420 cui
700 4387 795 4421 novum
814 4374 993 4433 apographum
1012 4374 1137 4421 conficere
1155 4373 1304 4432 impositum
1323 4375 1400 4434 esset,

215 4457 243 4502 in
267 4454 346 4502 dubio
366 4456 514 4502 versaretur
532 4467 656 4513 quorsum
677 4454 823 4500 coniunctio
841 4454 983 4512 pertineret
1000 4455 1087 4499 utrum
1106 4453 1138 4500 ad
1160 4453 1349 4500 substantivum
1368 4466 1400 4498 an

217 4534 253 4580 ad
270 4536 390 4594 copulam
410 4535 455 4581 nal.

250 4609 270 4671 ει)
289 4614 327 4660 Of.
350 4614 377 4660 in
399 4615 463 4672 Bap.
486 4613 513 4660 τὸ
536 4620 576 4672 της
599 4615 775 4673 εὐσχημοσύνης
796 4629 821 4658 τι
839 4615 877 4658 nat
896 4615 1063 4672 ἀσχημοσύνης
1081 4620 1113 4673 τῷ
1132 4613 1242 4676 ιύρύθμρι
1262 4627 1285 4658 τι
1303 4613 1341 4658 κού
1360 4613 1401 4674 ἂρ-

217 4696 303 4758 pecua
321 4703 347 4740 et
367 4695 415 4741 400
435 4693 457 4739 D
476 4694 534 4740 aut
552 4692 597 4751 μὴν
615 4692 642 4738 τύ
660 4692 780 4756 ιῦρυθμύν
799 4710 824 4751 γι
841 4694 879 4739 καὶ
898 4693 924 4738 τὸ
942 4692 1073 4756 ἄρρυθμον,
