3417 5175
594 1890 1020 1987 Phhnrhdul

266 2510 410 2570 Platonis
433 2527 514 2585 opus
537 2512 750 2587 praeclarum,
775 2512 859 2585 quod
884 2512 1098 2571 ΠΟΛΙΤΕΙΑ
1120 2512 1312 2585 inscriptum
1332 2515 1393 2591 est,

220 2623 370 2697 plurimis
393 2625 569 2685 virtutibus
591 2627 748 2701 splendet,
773 2628 830 2687 sed
847 2625 1016 2685 'nonnullis
1038 2627 1125 2686 vitiis
1145 2642 1270 2700 quoque
1290 2628 1393 2688 detur·

221 2741 326 2813 patur,
350 2754 487 2811 quorum
511 2740 575 2799 alia
598 2740 660 2814 ipsi
684 2719 808 2800 auctori
832 2741 999 2815 debentur,
1027 2741 1091 2802 alia
1115 2756 1135 2800 a
1158 2741 1299 2800 librariis
1319 2743 1396 2801 sunt

221 2852 359 2913 invecta.
390 2854 573 2927 Utrumque
604 2856 797 2914 mendorum
826 2870 929 2928 genus
957 2855 1022 2914 iam
1049 2856 1203 2929 permulti
1227 2857 1287 2914 viri
1310 2856 1393 2915 doct'
1480 2835 1482 2838 ⁵

221 2968 411 3043 tractarunt,
443 2968 522 3028 illud
552 2969 714 3042 imprimis
745 2971 782 3027 ut
809 2983 867 3042 par
891 2971 962 3027 erat
984 2969 1164 3041 philosophi
1189 2969 1221 3028 et
1244 2969 1394 3029 iuriscon-

221 3080 309 3155 sulti,
334 3082 393 3141 hoc
417 3081 578 3164 philologi.
603 3082 670 3156 Quo
694 3083 790 3142 modo
813 3081 861 3140 illi
885 3096 1019 3140 munere
1041 3096 1101 3140 suo
1121 3081 1224 3140 functi
1245 3081 1312 3140 sint
1331 3097 1395 3140 non

222 3195 274 3253 hic
305 3198 356 3254 est
385 3183 475 3254 locus
506 3196 724 3270 examinandi,
757 3209 855 3266 quarn
888 3209 964 3253 vero
996 3209 1129 3267 operam
1160 3193 1393 3266 philologorurn

222 3322 302 3379 gens
331 3309 530 3380 praestiterit
561 3310 620 3368 hoc
649 3308 803 3382 opusculo
834 3307 1008 3367 diiudicare
1042 3322 1079 3366 ac
1110 3307 1286 3379 ponderare
1315 3307 1395 3366 mihi

222 3421 254 3478 in
277 3420 386 3480 animo
417 3423 477 3480 est.
500 3421 594 3480 Haud
618 3437 729 3481 vereor
751 3436 792 3480 ne
815 3421 852 3507 13
873 3420 1018 3479 virorum
1043 3420 1212 3479 doctorum
1238 3421 1395 3493 vitupera·

221 3534 345 3593 tionem
363 3535 527 3593 incurram
548 3535 631 3607 quod
647 3536 720 3608 3331
732 3535 782 3594 131
793 3535 968 3606 tantasque
981 3533 1140 3592 editorum
1155 3533 1395 3610 excellentium,

222 3662 360 3718 quorum
374 3648 409 3706 13
421 3662 557 3706 numero
569 3647 780 3722 Stephanum,
793 3647 936 3722 Aetium,
950 3647 1145 3721 Bellorum,
1159 3647 1395 3724 Hermannum,

222 3760 389 3819 Baiterum
420 3776 521 3833 ponas
544 3760 653 3835 velim,
677 3762 711 3819 13
734 3761 794 3819 1333
817 3759 962 3819 Platonis
985 3774 1079 3833 33333
1104 3759 1279 3820 3311333133
1302 3777 1397 3820 curas

223 3874 326 3932 denuo
361 3873 511 3933 Politiam
545 3889 660 3933 severo
690 3874 834 3932 examini
865 3873 1004 3947 subicio;
1038 3873 1159 3932 etenim
1190 3874 1260 3932 tam
1291 3873 1395 3932 latum

222 3986 385 4046 doctrinae
406 4002 557 4060 campum
578 3987 722 4045 Platonis
740 3987 858 4059 dialogi
877 3986 969 4046 nobis
985 3987 1139 4059 praebent
1151 3987 1189 4044 ut
1200 4001 1276 4045 eum
1289 3988 1395 4045 toturn

222 4115 411 4173 peragrasse
443 4100 522 4159 nulli
557 4100 736 4175 contigerit,
772 4100 829 4159 sed
864 4099 1057 4172 particulam
1093 4100 1223 4158 tantum
1259 4099 1396 4170 singulis

223 4214 390 4286 explorare
421 4213 558 4289 licuerit,
589 4214 699 4286 itaque
731 4213 883 4285 quamvis
912 4212 1069 4285 plurimos
1100 4212 1225 4270 fructus
1248 4210 1395 4287 legerint,

117 4349 120 4356 ·
223 4327 334 4385 tamen
353 4341 483 4399 semper
501 4324 621 4386 novam
640 4326 825 4397 laetamque
847 4339 990 4384 messem
1008 4323 1281 4395 subsequentibus
1293 4325 1396 4383 inves-

222 4439 415 4510 tigatoribus
439 4439 635 4511 reliquerint.
660 4439 712 4498 Sic
736 4438 988 4512 Stephanionem
1013 4437 1197 4511 editionem,
1222 4437 1395 4510 quaePla-

223 4553 322 4611 tonici
344 4554 456 4611 textus
480 4553 691 4612 fundamenta
714 4552 789 4610 iecit
812 4566 849 4610 ac
872 4565 929 4624 per
951 4539 1013 4609 duo
1037 4549 1103 4611 fere
1126 4548 1258 4608 saecula
1281 4551 1321 4610 ab
1346 4554 1396 4611 ho·

225 4666 366 4725 minibus
385 4666 581 4725 tantumnon
600 4666 742 4738 perlecta
761 4665 872 4723 habita
892 4665 952 4735 est,
969 4662 1106 4721 Astiane
1119 4663 1283 4736 excipiens
1295 4679 1396 4742 paene

730 4931 965 5030 attala
