3417 5175
1788 352 1911 412 138

2010 534 2058 560 Η

690 537 901 613 1858),
972 538 1043 597 at
1104 553 1330 598 verum
1394 539 1502 600 diu
1563 540 1629 599 in
1692 539 1939 599 Veneto
2002 556 2050 603 ,8,
2111 540 2350 614 exstat,
2415 552 2649 613 nempe
2709 538 3050 615 κελεύωμεν

686 652 869 725 (conj.
918 648 1224 728 deliber.).

394 764 520 822 455
577 761 636 826 B
772 765 1245 826 Herwerdenus
1292 764 1441 844 (Mn.
1500 765 1695 845 1883)
1744 766 1942 844 εὐφυᾶ
1991 771 2057 828 et
2103 764 2292 843 ἀφυᾶ,
2336 768 2404 827 in
2450 763 2488 843 ξ
2538 765 2584 827 O
2624 765 2822 843 εὐφυᾶ
2864 769 3049 827 recte

688 878 994 939 restituit.
1055 880 1129 939 In
1192 879 1227 949 ἓ
1293 880 1405 941 ult.
1472 880 1787 942 Stobaeus
1851 881 2131 957 formam
2194 881 2481 941 Atticam
2539 877 2863 958 ὑπηρετοίη
2912 896 3046 940 881·-

582 988 645 1053 l)
694 992 893 1052 vavit.
921 983 960 1076 ΙΙ
988 991 1269 1054 Galenus
1307 995 1374 1054 et
1410 994 1728 1056 Eusebius
1767 990 1883 1053 ἐστι
1923 992 2207 1072 πάμπολυ
2254 1008 2367 1068 pro
2416 990 2531 1051 ἔστι
2579 991 2822 1051 πάντων
2868 993 3048 1053 exhi·

686 1106 858 1182 bent,
899 1121 1095 1179 quam
1136 1106 1481 1167 lectionem
1523 1109 1669 1181 quis
1708 1108 2054 1169 attendens
2077 1107 2270 1182 paulo
2293 1108 2442 1181 post
2465 1107 2648 1180 sequi
2673 1105 2828 1165 πολύ
2855 1105 3048 1165 libra·

685 1219 926 1278 riorum
988 1220 1273 1280 incuriae
1336 1223 1511 1282 recte
1573 1221 1941 1295 imputabit.
1992 1222 2140 1282 Mox
2188 1221 2328 1281 sine
2375 1236 2573 1281 causa
2613 1221 2680 1280 et
2725 1219 3051 1279 Richards

686 1331 911 1402 (class,
981 1333 1139 1394 Rev.
1194 1334 1385 1405 1893)
1455 1336 1532 1396 ci.
1601 1340 1808 1414 κρατεῖ
1866 1351 1979 1410 pro
2051 1339 2343 1414 κρατεῖται
2387 1328 2428 1404 ¹)
2494 1335 2560 1394 et
2622 1332 3050 1393 Hermannus

687 1440 885 1521 μέντοι
938 1446 1144 1506 divise
1206 1448 1483 1524 scripsit,
1530 1450 1607 1507 ut
1651 1448 1806 1509 fecit
1853 1449 2054 1509 etiam
2102 1449 2231 1508 473
2262 1447 2306 1508 C
2355 1449 2421 1508 et
2469 1447 2793 1507 Phaedon.
2848 1448 2930 1507 76
2957 1446 3046 1521 B;

689 1558 793 1618 hic
839 1560 1061 1619 autem
1122 1555 1230 1635 μὲν
1288 1575 1563 1634 pravum
1626 1576 1772 1621 esse
1834 1562 2106 1635 quisque
2167 1561 2368 1622 sentit
2430 1538 2573 1637 (hoc
2644 1560 2786 1620 loco
2847 1556 3048 1636 μέντοι

689 1670 1012 1744 significat
1064 1675 1276 1748 „certe
1320 1672 1651 1752 quidem”)
1671 1693 1686 1750 ;
1738 1674 2017 1736 scribere
2065 1675 2248 1735 Plato
2295 1674 2617 1747 potuisset
2672 1669 2888 1732 πολλαὶ
2936 1668 3049 1749 μὲν

590 1777 647 1841 E
691 1788 967 1864 γυναῖκες
1025 1787 1145 1861 κτλ,
1205 1801 1330 1847 non
1392 1788 1456 1848 id
1519 1790 1687 1862 quod
1749 1789 1972 1849 Herm.
2039 1769 2455 1863 excogitavit.
2523 1778 2560 1871 ΙΙ
2611 1787 3049 1847 Herwerdeno

690 1897 837 1967 (Mn.
907 1898 1097 1969 1883)
1160 1900 1503 1974 corrigenti
1562 1898 1625 1960 ἐν
1670 1909 1817 1960 πᾶσι
1863 1902 1968 1961 vel
2015 1898 2079 1959 ἐν
2127 1899 2313 1959 ἅπασι
2356 1915 2470 1974 pro
2520 1896 2616 1959 ἐπὶ
2659 1907 2806 1958 πᾶσι
2856 1900 3049 1972 (quod

696 2016 881 2088 „post
932 2029 1160 2075 omnes
1209 2030 1262 2076 8.
1311 2018 1458 2090 post
1503 2016 1765 2076 omnia”
1816 2014 2178 2088 significare
2226 2014 2412 2085 solet)
2459 2014 2649 2089 plane
2698 2013 3047 2088 assentior,

678 2126 833 2191 coll.
882 2126 917 2196 ἓ
963 2128 1017 2186 D
1066 2124 1128 2186 ἐν
1175 2126 1413 2187 ἅπασιν.
1461 2130 1629 2203 Lege
1676 2129 1867 2205 paulo
1915 2130 2063 2203 post
2110 2143 2261 2188 cum
2307 2142 2437 2187 uno
2477 2128 2612 2187 cod.
2657 2122 2896 2206 γυναιξὶ
2934 2141 3051 2201 pro

689 2237 945 2319 γυναικί.
1005 2273 1093 2282 ——-
1137 2240 1349 2301 Verba
1394 2239 1473 2313 ὡς
1521 2241 1812 2319 φήσομεν,
1855 2257 2021 2316 quae
2068 2244 2213 2316 post
2263 2234 2427 2318 οἶμαι
2472 2240 2725 2301 nullum
2775 2254 3050 2300 sensum

693 2353 1022 2430 praebent,
1091 2355 1532 2429 interpolatori
1599 2356 1921 2417 reddenda
1989 2357 2175 2431 sunt;
2249 2354 2531 2430 etiamsi,
2605 2354 2771 2427 quod
2837 2355 3054 2412 tamen

683 2483 952 2541 prorsus
1017 2484 1145 2528 non
1210 2468 1300 2527 ita
1366 2472 1467 2546 est,
1539 2470 1838 2530 Socrates
1899 2484 2051 2531 cum
2114 2469 2392 2543 quodam
2455 2467 2605 2528 ficto
2669 2467 3052 2528 adversario

693 2581 1083 2659 loqueretur,
1154 2583 1423 2657 vulgata
1489 2599 1691 2658 prava
1753 2585 1947 2660 esset,
2011 2583 2163 2657 quia
2223 2584 2369 2644 tum
2432 2582 2703 2659 φήσομεν
2767 2581 2908 2641 sine
2972 2576 3056 2651 ὡς

695 2695 888 2755 scribi
936 2697 1002 2755 et
1046 2687 1209 2772 οἶμαι
1256 2698 1537 2771 expungi
1583 2698 1925 2771 oporteret.
1980 2730 2059 2740 —
2109 2696 2252 2755 vam
2297 2696 2347 2756 L
2386 2692 2486 2754 καὶ
2523 2691 2892 2774 γυμναστικὴ
2935 2689 3063 2775 ἄρος

693 2806 794 2868 καὶ
855 2808 1141 2887 πολεμική
1203 2813 1581 2886 receperunt
1643 2810 1804 2871 Bkk.
1872 2811 1996 2870 Ast
2045 2809 2270 2870 Stallb.
2323 2805 2522 2887 (1829
2570 2810 2636 2869 et
2689 2809 2898 2883 1850),
2951 2822 3056 2880 op-

695 2922 858 2983 timo
905 2923 1043 2984 iure
1090 2927 1471 2998 spernentes
1518 2915 1660 2984 Par¹
1706 2925 1764 2984 A
1804 2924 2150 2985 lectionem
2197 2920 2563 3002 γυμναστικὴ
2611 2916 2670 2981 δ’
2717 2917 2834 3000 ἄρα
2882 2917 2979 2997 οὔ,
3010 2914 3056 2990 ²)

697 3030 841 3094 οὐδὲ
898 3035 1183 3113 πολεμική
1248 3042 1309 3107 (a
1370 3037 1662 3098 Schneid.
1729 3037 1951 3098 Herm.
2017 3037 2182 3097 Bait.
2248 3035 2473 3097 Stallb.
2547 3036 2737 3096 1858.
2789 3033 3058 3109 Gampb.

696 3149 1079 3227 probatam),
1143 3166 1339 3224 quam
1405 3153 1462 3211 si
1524 3151 1850 3212 horridam
1899 3152 2059 3228 dico,
2107 3166 2146 3211 a
2195 3165 2350 3211 vero
2399 3165 2525 3210 non
2572 3150 2762 3222 longe
2807 3148 3059 3208 aberro,

694 3263 837 3322 Iam
902 3262 1185 3324 Galenus
1245 3262 1344 3323 καὶ
1405 3262 1691 3341 πολεμικὴ
1755 3281 1869 3340 pro
1935 3260 2079 3325 οὐδὲ
2130 3267 2260 3324 πολ.
2334 3264 2598 3325 exhibet
2643 3264 2709 3324 et
2754 3258 2855 3320 καὶ
2902 3263 3062 3322 ante

695 3376 1064 3455 γυμναστικὴ
1113 3380 1314 3440 etiam
1361 3379 1520 3440 Ven.
1562 3382 1631 3438 H
1663 3380 1972 3440 servavit.
2023 3380 2139 3439 Est
2186 3379 2289 3439 hic
2334 3378 2517 3439 locus
2558 3393 2640 3437 ex
2679 3377 2782 3452 iis,
2824 3376 3066 3448 quibus

699 3492 1127 3552 resarciendis
1172 3508 1299 3553 non
1340 3508 1422 3553 ex
1460 3493 1746 3568 optimis,
1791 3494 1903 3553 sed
1946 3508 2027 3552 ex
2072 3491 2479 3566 interpolatis
2516 3491 2693 3551 codd.
2737 3489 3064 3549 auxilium

703 3616 823 3662 nos
889 3607 1108 3678 petere
1175 3607 1460 3681 oportet;
1532 3622 1642 3666 me
1708 3606 1919 3666 iudice
1978 3607 2201 3665 textus
2262 3606 2355 3665 sic
2419 3603 2896 3664 restituendus:
2961 3599 3070 3660 καὶ

698 3715 1065 3798 γυμναστικὴ
1129 3713 1185 3776 δ’
1246 3710 1361 3796 ἆρα
1428 3717 1746 3791 (<οὐ>’ἓ)
1792 3716 1893 3778 καὶ
1937 3715 2224 3795 πολεμικὴ
2273 3721 2406 3790 κτλ;
2451 3716 2686 3777 Nullus
2732 3716 2907 3775 enim
2956 3715 3069 3775 hic

699 3830 1055 3906 particulae
1093 3827 1209 3910 ἄρα
1252 3832 1432 3892 108118
1471 3833 1592 3908 est,
1635 3833 1787 3905 quia
1827 3848 1909 3891 ex
1945 3832 2287 3892 enunciato
2329 3846 2474 3891 esse
2507 3833 2765 3910 γυναῖκα
2791 3825 3071 3906 ἰατρικὴν

700 3961 828 4001 nnn
895 3945 1194 4018 sequitur
1255 3961 1401 4006 esse
1466 3945 1667 4005 etiam
1727 3949 1984 4025 γυναῖκα
2046 3941 2488 4023 γυμναστικὴν;
2551 3943 2611 4003 si
2672 3944 2896 4002 autem
2947 3933 3073 4018 ἆρα

708 4061 956 4135 legitur,
1026 4061 1170 4119 tum
1233 4059 1500 4119 demum
1563 4058 1909 4119 Glauconis
1971 4072 2354 4133 responsum
2425 4049 2592 4133 οἶμαι
2653 4053 2832 4135 ἔγωγε
2894 4069 3073 4115 com-

708 4173 893 4234 mode
942 4173 1327 4234 annectitur.

415 4297 447 4349 si
464 4297 496 4349 ᾖ
508 4301 540 4349 11
604 4289 656 4353 A
796 4289 844 4345 E
906 4288 1272 4349 Monacensi
1328 4303 1368 4362 q
1427 4287 1588 4347 Bkk.
1654 4287 1853 4347 edidit
1913 4282 2278 4365 γυμναστικὴ
2328 4289 2463 4358 (pro
2512 4280 3080 4361 φιλογυμναστική),

780 4574 812 4634 ¹}
852 4573 1116 4634 Gampbell
1151 4574 1349 4621 confert
1386 4571 1624 4619 Aeschin.
1665 4570 1731 4616 de
1765 4569 1822 4615 F.
1855 4569 1913 4616 1..
1951 4564 1982 4631 ᾖ
2024 4568 2115 4614 152
2154 4572 2435 4630 κρατεῖσθαι
2474 4564 2658 4624 ἡδονῶν.

776 4654 816 4718 ¹²}
852 4654 1107 4702 Particula
1142 4651 1523 4710 interrogativa.

268 4941 832 5120 ³ss
