3417 5175
569 1429 743 1513 LIBER
767 1429 1048 1530 QUARTUS.

708 1684 904 1695 -,-.

60 1742 156 1801 Steph.
177 1742 240 1799 Peg.

61 1863 130 1921 419
162 1856 195 1923 A
263 1860 403 1933 Vulgata
422 1856 474 1919 καὶ
491 1868 583 1920 ταῦτα
607 1855 642 1919 δι’
669 1858 793 1932 ἑαυτοὺς
816 1861 884 1921 iam
904 1878 924 1922 a
945 1862 1107 1936 Stephano
1127 1858 1303 1920 sollicitata
1323 1857 1394 1934 fuit,

216 1973 351 2034 iniuria:
373 1966 409 2032 δι’
431 1971 541 2045 αὐτοὺς
560 1972 722 2048 significat
744 1989 824 2050 „sua
839 1976 985 2050 ipsorum
997 1974 1134 2050 gratia,'‘
1152 1987 1230 2047 nam
1243 1971 1394 2031 custodes

218 2085 347 2164 luxuria
380 2086 525 2147 fruentes
559 2087 580 2147 i.
612 2103 640 2148 e.
676 2088 834 2149 laxiorem
866 2088 970 2147 vitem
1009 2088 1162 2161 degentes
1198 2085 1395 2158 degenerant

217 2200 237 2260 i.
270 2215 297 2260 e.
328 2200 390 2261 sibi
420 2202 482 2276 ipsi
512 2204 639 2279 nocent,
671 2202 780 2275 itaque
804 2218 880 2263 cum
897 2202 969 2263 leni
992 2202 1060 2262 risu
1084 2202 1164 2262 haec
1188 2200 1274 2260 dicta
1297 2200 1392 2274 sunt;

217 2323 393 2387 pronomen
417 2305 459 2375 ὧν
482 2315 581 2389 igitur
603 2317 644 2377 sd
666 2315 791 2386 τούτους
813 2314 883 2387 rote
896 2311 1016 2394 ,ἄνδρας
1036 2314 1176 2375 relatum
1197 2314 1392 2388 oportuerat.

216 2427 331 2487 Aetius
354 2429 485 2489 vertens
508 2444 568 2489 οκο
589 2430 731 2504 obsonum
754 2430 847 2505 culpa
866 2430 1000 2506 fallitur,
1024 2443 1101 2489 nam
1125 2428 1299 2489 custodum
1323 2441 1393 2487 con·

217 2539 373 2601 ditionem
401 2537 567 2619 νομοθέτης
591 2539 765 2620 (Socrates)
788 2543 1003 2604 constituerat
1027 2541 1113 2621 (vide
1138 2538 1391 2620 Schneiderum).

216 2654 438 2715 Buttmannus
463 2648 679 2735 (improbante
702 2656 832 2718 Hellero
853 2657 925 2717 Gur.
951 2657 1020 2718 crit.
1044 2657 1074 2731 p'.
1097 2654 1151 2734 23)
1172 2657 1211 2717 ci.
1232 2653 1270 2732 δὴ
1283 2653 1393 2726 αὐτοὺς

217 2757 259 2827 ὧν
278 2772 339 2846 κτλ,
357 2768 594 2830 Herwerdenus
614 2771 727 2830 autem
747 2767 822 2847 (Mn.
846 2767 944 2848 1891)
965 2763 1218 2901 suspicatusdn
1237 2769 1393 2842 Monacq

216 2916 257 2982 δι’
283 2923 369 2984 inter
387 2939 503 2985 versus
522 2923 585 3004 est)
606 2927 639 2987 in
658 2928 833 3002 archetypo
852 2926 955 2987 tuisse
974 2932 1066 2984 ταῦτα
1078 2874 1188 2996 αὐτοὺς
1201 2915 1244 2985 ὧν
1256 2924 1393 2984 coniecit

215 3044 306 3096 ταῦτα
341 3036 451 3110 αὐτοὺς
486 3032 526 3099 δι’
565 3030 618 3116 ὧν,
646 3041 806 3115 pessime;
838 3039 970 3100 attende
1001 3039 1090 3100 enim
1122 3053 1273 3099 sensum:
1307 3038 1393 3097 houd

215 3150 325 3211 felices
369 3150 471 3212 efficis
513 3153 573 3213 hos
607 3153 704 3229 viros,
741 3167 843 3226 quum
878 3155 990 3212 tamen
1025 3152 1088 3227 ipsi
1122 3152 1188 3211 sint
1221 3153 1286 3226 qui,
1318 3149 1394 3210 licet

216 3260 272 3341 (ε
291 3260 354 3341 μὲν,
378 3280 416 3325 es
438 3266 526 3326 enim
550 3268 602 3326 est
625 3267 656 3327 h.
680 3266 702 3327 l.
727 3266 778 3326 vis
800 3265 1036 3341 particularum
1059 3260 1167 3342 μὲν-
1182 3259 1225 3335 δὲ)
1249 3265 1393 3324 civitatis

216 3378 337 3438 domini
367 3378 443 3454 sint,
475 3379 556 3438 nihil
587 3379 661 3440 boni
690 3394 732 3439 ex
764 3394 803 3440 ea
832 3379 1022 3453 percipiunt.
1047 3411 1097 3462 ¹-
1129 3379 1304 3452 Vulgstam
1328 3370 1393 3439 elev

218 3490 319 3560 <ri>
346 3488 429 3552 ditor
452 3493 552 3553 Beklr.
577 3495 612 3554 et
631 3493 744 3555 Stallb.
765 3497 852 3554 recto
873 3494 1054 3553 servarunt.
1075 3493 1304 3567 Respioiuntur
1323 3494 1394 3556 sive

213 3601 351 3684 ἄρχοντες
382 3607 416 3666 et
438 3607 590 3668 custodes
614 3607 754 3668 aliarum
778 3607 910 3668 urbium
933 3604 983 3684 (ut
1006 3606 1092 3667 infra
1114 3608 1220 3668 42οΑ
1244 3606 1341 3686 ὥσπερ
1365 3607 1397 3667 οἱ

214 3712 308 3795 ἄλλοι)
339 3717 409 3779 sive
436 3719 552 3793 reliqui
575 3720 675 3796 cives,
703 3721 758 3794 qui
782 3720 1000 3783 etiamsinon
1026 3735 1140 3780 omnes
1164 3721 1282 3781 divites
1306 3722 1393 3798 sunt,

214 3832 438 3904 possessiones
457 3833 622 3906 acquirere
643 3848 708 3894 non
728 3834 938 3908 prohibentur
958 3830 1043 3910 (vide
1056 3834 1091 3894 E.
1104 3851 1135 3896 v.
1149 3834 1394 3895 Voorsrrrursnrr

216 3944 262 4004 De
281 3944 427 4005 Platonis
447 3946 593 4007 doctrina
612 3947 651 4007 de
668 3946 896 4007 communione
909 3948 1066 4008 bonorum
1079 3949 1139 4007 etc.
1156 3949 1241 4008 1850
1253 3942 1393 4022 Ultrsj.).

217 4057 350 4132 Propter
371 4059 603 4121 Schneiderum
622 4074 739 4121 moneo
758 4060 928 4135 participia
946 4056 1130 4137 κεκτημένοι,
1148 4058 1395 4135 οἰκοδομούμενοι

216 4172 331 4232 ettad
354 4168 436 4232 iiiior
460 4172 627 4233 referenda
650 4188 733 4233 esse.
759 4173 869 4234 Obiter
892 4175 1015 4247 corrige
1038 4170 1136 4249 νυνδὴ
1159 4174 1180 4233 i.
1206 4188 1234 4232 e.
1258 4167 1331 4250 ἄρτι.
1351 4205 1394 4214 -

216 4283 291 4344 llox
320 4284 509 4346 Badhemus
541 4282 691 4362 (Phaedri
721 4279 837 4368 praef.)
863 4287 901 4348 ei.
927 4284 1079 4364 ἐπίκουροι
1104 4282 1283 4363 [uarrorrnol]²
1307 4287 1394 4347 recte

215 4398 303 4474 puto,
335 4413 410 4458 cum
442 4398 587 4460 Platonis
617 4400 726 4459 aetate
757 4400 949 4461 mercenarii
970 4400 1162 4460 vocarentur
1190 4396 1344 4490 ἐπίκουροι
1366 4415 1394 4461 s.

215 4509 361 4588 μισθωτοὶ
381 4528 440 4574 nec
459 4513 593 4573 dubium
614 4514 659 4574 sit
678 4513 755 4585 quin
775 4514 972 4576 Adimantus
991 4514 1030 4575 de
1043 4513 1252 4592 mercenariis
1265 4513 1394 4589 cogitet,

216 4639 282 4688 non
305 4626 345 4686 de
368 4626 466 4687 sociis
489 4641 584 4701 opem
608 4626 786 4688 terentibus
808 4627 935 4690 civitati
958 4626 1093 4689 amicae.
