3417 5175
765 372 806 432 55

195 557 308 635 ὅμαδος
318 559 424 633 possit
435 559 616 633 significare
632 559 917 636 „multitudinem”
928 560 1078 633 (Hesych.
1089 558 1210 635 ὅμαδον·
1219 557 1368 638 ἄθροισιν.

194 670 329 750 στρατόν,
350 672 455 733 Schol.
480 672 605 733 Platon.
629 670 829 750 συναγωγήν),
849 671 896 731 nil
916 672 1111 732 mutandum
1131 687 1256 734 censeo.
1278 675 1370 748 Apud

63 798 66 801 ’
194 778 353 846 Thamiai.
386 785 484 854 (Orat.
515 786 547 845 Π
578 800 608 859 p.
642 785 732 855 3213)
762 785 803 846 of.
836 780 910 843 diii
941 784 1064 863 βιβλίων
1088 782 1199 862 ὅμαδος
1224 783 1290 856 ὅλος
1313 777 1393 845 κτλ(

123 967 126 970 ,
195 899 278 961 Qum
312 899 407 959 Asilio
439 898 510 972 iege
544 896 675 977 ἐκγόνων
709 913 765 973 pro
800 895 939 977 ἐγγόνων,
974 897 1125 972 Madvigii
1160 901 1220 959 σθω
1251 898 1372 971 παιδιᾶς

195 1008 338 1089 [ἡδονῶν]
363 1027 450 1073 unua
470 1012 554 1073 Bait.
579 1012 709 1088 recepit,
733 1012 810 1097 iure·
826 1012 861 1070 ni
884 1011 987 1086 fallor,
1009 1011 1093 1083 quod
1112 1012 1146 1070 iu
1165 1012 1184 1081 5
1204 1010 1226 1072 G
1243 1006 1373 1087 (ἡδονῶν

192 1146 223 1185 τε
250 1122 303 1185 οιαὶ
333 1122 453 1204 ἑορτῶν)
484 1124 677 1185 vocabulum
703 1119 823 1200 ἡδονῶν
847 1138 913 1184 non
936 1124 1044 1184 differt
1066 1139 1086 1184 a
1109 1122 1223 1183 παιδιά.
1247 1125 1293 1186 Ut
1316 1128 1372 1200 pr'o

194 1236 246 1298 διὰ
278 1243 397 1298 θυσιῶν
431 1238 562 1312 quidam
593 1239 682 1299 codd.
713 1237 876 1312 praebent
900 1236 971 1314 μετά
1002 1258 1090 1297 τινων
1123 1234 1231 1317 ἑορτῶν
1262 1260 1292 1298 τε
1322 1236 1373 1297 καὶ

64 1357 67 1362 ’
193 1357 312 1413 θυσιῶν
342 1354 423 1427 (ipse
452 1351 566 1413 Venet.
598 1354 633 1409 Π
659 1351 765 1412 exhih.
797 1363 862 1411 non
894 1347 944 1409 διὰ
971 1355 1052 1427 dvo,
1075 1351 1131 1411 sed
1155 1348 1204 1409 rui
1231 1356 1371 1428 θυσιῶν),

193 1466 281 1539 quod
310 1481 353 1525 ex
382 1466 401 1535 d
431 1463 455 1525 O
484 1465 622 1539 petitum
653 1466 715 1539 est,
746 1464 794 1524 ita
823 1463 865 1524 ad
887 1461 1008 1548 παιδιᾶς
1031 1462 1153 1523 librarii
1177 1459 1296 1541 ἡδονῶν
1320 1467 1368 1526 ad-

193 1580 401 1653 scripserant.
422 1574 536 1639 A‘siius
556 1578 654 1638 vertit
672 1592 768 1653 „cum
779 1576 930 1638 ludorum
942 1577 1223 1654 oblectamentis,”
1238 1576 1369 1651 damph.

198 1694 281 1769 „and
314 1692 456 1768 sportive
485 1692 657 1767 delights.’'
690 1690 878 1766 Complures
909 1692 998 1752 codd.
1032 1691 1187 1752 exhibent
1216 1687 1267 1750 uui
1299 1687 1373 1768 μετὰ

194 1806 318 1878 παιδιᾶς
339 1800 470 1883 ἡδονῶν,
492 1806 575 1879 quod
600 1821 618 1866 e
639 1803 660 1881 ἕ
683 1804 706 1865 0
728 1806 879 1879 petitum.
1345 1787 1348 1792 ’

49 1923 110 1982 365
137 1919 170 1986 Α
240 1920 351 1983 Oobeti
381 1922 440 1981 cam
470 1916 638 1997 περιμένειν
668 1934 774 1979 nemo·
795 1919 927 1995 recepit,
952 1921 1050 1994 recte,
1075 1933 1151 1978 nam
1176 1918 1372 1978 indicativus

195 2036 236 2096 ab
266 2031 307 2105 ὡς
335 2035 464 2109 pendet.
496 2034 571 2094 Mox
601 2035 759 2107 corrigere
789 2034 935 2108 praestat
965 2030 1069 2112 ἀρετῆς
1096 2033 1207 2107 <νε>
1233 2028 1300 2110 πέρι
1323 2029 1373 2091 παὶ

195 2151 254 2207 κτλ.
286 2181 327 2190 -
360 2147 445 2208 illud
475 2146 565 2206 τί....
589 2150 686 2207 ποιεῖν
709 2148 741 2218 (i.
755 2162 782 2207 e.
806 2162 870 2220 quo
893 2148 1003 2207 animo
1027 2149 1111 2217 esee)
1135 2146 1216 2206 bene
1240 2145 1371 2219 Oampb.

195 2261 374 2322 ruusrravu
394 2260 448 2321 urs
471 2261 567 2323 rous:
593 2263 657 2321 330
670 2278 695 2338 α,
720 2262 823 2337 aeuo,
848 2261 962 2337 uren,
987 2261 1052 2320 494
1067 2259 1099 2336 c,
1121 2260 1184 2319 432
1198 2260 1237 2335 A,
1259 2260 1322 2319 aaa
1337 2259 1371 2334 a,
1452 2288 1454 2291 -
1495 2238 1501 2247 '

194 2376 278 2437 aliia.
303 2376 422 2438 Parum
445 2376 545 2450 igitur
567 2376 619 2436 hic
642 2379 739 2435 ποιεῖν
761 2390 782 2435 a
804 2378 886 2434 νοεῖν
909 2374 1079 2449 discrepat.
1099 2372 1254 2434 -Attici
1275 2372 1371 2445 scrip·

195 2491 284 2551 tores
303 2490 448 2551 scribunt
468 2473 755 2566 ἐπτόμην,πτέοδαι,
773 2486 927 2565 πιόμενος.
944 2488 1004 2548 Per
1021 2487 1197 2547 ascribunt
1210 2486 1372 2546 Homerus

179 2607 229 2666 'et
249 2604 365 2678 tragici
384 2605 458 2676 (vid.
479 2606 513 2665 et
532 2603 727 2665 Schanzium
746 2602 1006 2691 0p2xl1praer.
1029 2618 1060 2677 p.
1076 2603 1138 2672 18).
1152 2602 1223 2662 Par.
1237 2591 1291 2661 ΑΠ
1306 2615 1370 2673 mg.

146 2715 175 2780 B
198 2711 332 2778 exhibet
361 2714 411 2776 καὶ
440 2715 644 2794 ἐπιπτώριενοι.
666 2709 687 2800 ΙΙ
712 2718 790 2778 Posi
818 2714 946 2788 ἀπάταις
969 2731 1020 2791 ap.
1044 2717 1217 2777 Pindarum
1245 2714 1371 2784 (christ.

196 2833 235 2894 fr.
269 2833 344 2903 233.)
374 2834 553 2906 sequuntur
583 2834 717 2892 haecce:
746 2827 905 2909 ἀναβαίνει
937 2830 1031 2903 (quod
1063 2826 1373 2890 accommodationis

193 2947 303 3019 gratia
324 2945 358 3005 in
381 2942 496 3024 ἀναβάς
519 2945 611 3006 Plato
634 2945 786 3020 mutarit,
809 2944 874 3005 vid.
899 2944 985 3004 dicta
1003 2943 1044 3003 ad
1065 2944 1129 3003 363
1142 2941 1178 3011 Β)
1200 2937 1372 3016 ἐπιχθόνιοι

195 3056 282 3138 γένος
311 3055 441 3137 ἀνδρῶν,
464 3058 530 3136 δίχα
553 3080 604 3135 μοι
626 3055 696 3129 νόος
718 3053 871 3135 ἀτρέκειαν
896 3055 996 3116 εἰπεῖν.
1021 3055 1136 3115 Astius
1159 3054 1197 3114 ci.
1221 3049 1296 3112 κατὰ
1319 3046 1373 3128 μὲν

188 3171 253 3254 γὰρ
283 3170 319 3232 ιὰ
347 3171 489 3252 λεγόμενα
519 3187 575 3246 pro
605 3166 640 3230 ai
672 3167 725 3248 μὲν
748 3168 804 3249 γὰρ
827 3173 888 3247 κτλ,
910 3185 973 3244 quo
997 3184 1060 3229 non
1085 3182 1166 3242 opus
1190 3167 1249 3226 est.
1273 3165 1374 3225 Recte

196 3286 372 3348 Schneider
406 3287 458 3346 hio
488 3285 703 3346 anacoluthon
734 3282 957 3358 essestaruu,
981 3297 1056 3342 cum
1080 3277 1115 3338 τὰ
1137 3277 1279 3358 λεγόμενα
1303 3278 1372 3337 sub·

195 3401 318 3462 iectum
345 3399 432 3460 vocis
454 3414 548 3474 φασιν
571 3413 644 3459 ease
667 3404 817 3472 nequeat.
842 3399 894 3457 Ita
921 3397 1048 3457 vertam
1076 3393 1206 3454 Latine:
1241 3392 1373 3467 „Secun-

196 3515 276 3574 dum
299 3528 444 3586 eaquae
467 3513 561 3586 volgo
585 3508 661 3589 (μὲν)
685 3513 845 3588 dicuntur,
870 3525 947 3570 nam
964 3489 1130 3583 'quomodo
1154 3521 1206 3566 res
1230 3507 1301 3580 ipsa
1321 3500 1374 3575 (δὲ)

195 3628 384 3701 comparata
407 3627 452 3687 eit
474 3615 593 3703 nescio,
618 3626 698 3686 mihi
719 3625 849 3685 nullum
873 3624 1081 3684 commodum
1105 3621 1176 3694 erit,
1197 3621 1232 3679 ut
1254 3617 1374 3693 dicunt,

196 3740 281 3802 atc.”
315 3773 354 3784 —
388 3739 591 3814 Optimorum
623 3739 711 3799 codd.
745 3738 818 3798 lect.
852 3734 904 3797 ἐὰν
935 3733 985 3796 οιαὶ
1003 3733 1050 3812 μὴ
1075 3734 1153 3793 δοκῶ
1177 3733 1277 3794 tutat-i
1300 3733 1377 3792 sunt

196 3853 297 3915 Bekk.
340 3854 412 3913 Ast.
456 3830 602 3913 Schneid.
644 3851 786 3927 damph,
822 3849 921 3924 prave
953 3851 992 3910 ut
1026 3846 1264 3909 demonstravit
1299 3844 1376 3904 Her·

198 3981 309 4043 mann,
346 3967 401 4040 qui
435 3981 511 4028 cum
544 3966 689 4027 Dobraeo
719 3966 866 4036 (Advera
900 3963 982 4033 crit.)
1013 3959 1065 4020 ἐὰν
1096 3958 1136 4037 μὴ
1168 3955 1219 4018 καὶ
1249 3957 1327 4016 δοκῶ
1359 3972 1376 4017 e

198 4081 315 4142 deterr.
356 4080 445 4141 cedd.
485 4080 606 4168 recepit
642 4080 798 4154 probante
836 4078 975 4139 Baitero.
1017 4076 1093 4136 Mihi
1132 4076 1247 4135 neutra
1281 4071 1377 4131 lectio
1438 4088 1440 4092 ·

198 4195 315 4270 placet,
359 4195 571 4266 quamobrem
612 4193 683 4266 lego
718 4190 770 4252 ἐὰν
801 4190 851 4250 καὶ
888 4191 974 4250 δοκῶ.
1019 4190 1118 4265 Quod
1142 4187 1212 4247 sola
1246 4183 1378 4249 torridae

197 4308 310 4383 aporiae
351 4307 372 4368 i.
407 4323 435 4368 e.
478 4306 640 4367 iniustitia
681 4306 826 4366 iustitiae
871 4305 1011 4377 insignia
1052 4304 1169 4377 furata,
1208 4299 1378 4361 commoda

198 4422 305 4498 affert,
341 4421 416 4482 inde
450 4420 590 4482 efficitur
625 4421 750 4496 cuique,
785 4419 849 4479 nisi
880 4418 924 4478 sit
954 4419 1106 4492 iniustum
1147 4415 1197 4476 vel
1232 4413 1377 4475 iustitiae

199 4537 343 4611 speciem
382 4549 507 4596 nocere.
546 4533 653 4594 Verba
690 4533 789 4606 igitur
827 4529 879 4591 ἐὰν
915 4529 954 4608 μὴ
989 4527 1039 4589 παὶ
1070 4529 1152 4588 δοκῶ
1188 4529 1218 4598 d.
1250 4543 1278 4588 e.
1315 4529 1380 4588 nisi

182 4633 301 4711 ⁴etiarn
332 4649 441 4710 iustus
470 4647 589 4719 videar)
621 4662 697 4706 cum
729 4661 805 4706 vero
835 4646 997 4722 pugnant;
1031 4643 1069 4704 cs.
1101 4658 1152 4703 ex.
1180 4657 1226 4718 gr.
1253 4643 1328 4712 (343
1346 4641 1379 4712 d)
