3417 5175
332 606 364 667 in
396 604 546 681 Gorgiam
581 609 824 669 commentariis
862 610 1037 669 identidem
1070 609 1244 670 Civitatem
1278 606 1329 681 τὰς
1361 608 1507 681 πολιτείας

333 722 482 796 appelli.
546 786 555 807 ι

378 835 465 911 Quae
496 850 571 895 cum
603 836 687 910 apud
712 837 838 895 veteres
861 836 1034 910 scriptores
1059 837 1167 896 exstet
1190 836 1416 912 discrepantia,
1442 853 1505 897 non

331 949 452 1009 mirum
476 952 527 1008 est
550 949 675 1009 codices
697 951 826 1008 nostros
845 950 925 1009 item
947 950 979 1009 in
1000 950 1147 1011 diversas
1167 953 1276 1025 partes
1295 952 1392 1011 abire.
1409 951 1509 1011 Maior

331 1064 441 1122 autem
466 1077 542 1136 pars
564 1077 639 1122 cum
664 1062 890 1136 Olympiodoro
911 1065 943 1121 et
965 1063 1102 1123 Moeride
1123 1064 1211 1139 facit,
1233 1078 1370 1137 quornm
1390 1079 1508 1137 agmen

330 1176 419 1237 ducit
451 1176 636 1249 praeclarus
669 1175 723 1235 ille
758 1176 934 1252 Parisinus,
964 1177 992 1236 A
1022 1178 1133 1237 littera
1165 1178 1349 1253 insignitus,
1381 1179 1414 1237 in
1446 1194 1508 1251 quo

331 1289 411 1349 haec
435 1289 602 1363 inscriptio
626 1292 694 1349 est:
929 1284 930 1289 ’

821 1402 984 1475 Πλάτωνος

644 1520 794 1576 Πολιτεῖαι
822 1549 862 1558 -
884 1514 904 1595 ἢ
927 1514 994 1596 περὶ
1019 1516 1146 1577 δικαίου.
1171 1521 1202 1576 Λ

331 1631 451 1691 Eadem
483 1630 516 1690 in
547 1630 654 1691 codice
685 1630 921 1706 Malatestiano,
953 1647 973 1691 a
1003 1632 1037 1691 L.
1063 1629 1260 1705 Oampbellio
1288 1634 1362 1706 post
1386 1632 1456 1691 Par.
1480 1632 1509 1691 A

333 1747 365 1804 et
396 1744 474 1804 Ven.
500 1746 532 1801 Π
561 1722 693 1817 plurimi
724 1745 819 1819 iacto,
848 1743 986 1804 recurrit
1015 1745 1150 1814 (omissa
1173 1746 1282 1813 littera
1306 1748 1356 1815 Α).
1378 1744 1507 1805 Utrum-

332 1874 394 1932 que
420 1851 440 1928 ¹)
475 1857 609 1946 titulum
645 1858 750 1932 prima
785 1872 903 1917 manus
938 1857 1052 1917 Veneti
1085 1858 1095 1917 l
1127 1858 1286 1918 servavit:
1324 1859 1508 1918 invenimus

333 1972 420 2032 enim
453 1970 614 2042 Πλάτωνος
644 1971 791 2042 πολιτείας
820 1968 840 2050 ἢ
870 1968 937 2050 περὶ
961 1970 1078 2031 δικαίου
1104 1986 1132 2048 n,
1155 1971 1246 2031 Πλάτ.
1270 1975 1413 2031 πολιτεῖαι
1436 1967 1455 2049 ἢ
1478 1991 1508 2029 π.

332 2069 411 2162 οβ’,
442 2083 532 2143 Πλάτ.
567 2060 714 2156 πολιτείας
744 2081 764 2163 ἢ
794 2106 824 2143 π.
858 2085 883 2144 δ.
908 2091 942 2164 p;
977 2087 1080 2145 altera
1109 2088 1220 2147 autem
1257 2102 1331 2161 pars
1363 2088 1507 2147 eiusdem

332 2199 450 2259 codicis
482 2198 512 2267 d.
535 2213 562 2257 e.
594 2213 681 2258 man.
713 2199 865 2267 secunda)
898 2198 1015 2270 ubique
1047 2199 1144 2258 habet
1169 2197 1329 2270 Πλάτωνος
1353 2203 1507 2258 πολιτειῶν

331 2310 473 2388 τέταρτος,
499 2307 629 2392 πέμπτος
658 2314 719 2371 etc.
744 2312 780 2370 In
804 2312 968 2371 codicibus
991 2311 1185 2372 Florentinis
1209 2317 1283 2383 (uno
1307 2310 1332 2391 γ’
1356 2316 1506 2386 excepto:

334 2422 487 2493 Πολιτείας
514 2428 542 2493 α)
566 2427 599 2485 et
622 2424 922 2484 Vindobonensibus
947 2425 1016 2485 sive
1041 2424 1201 2496 Πλάτωνος
1224 2430 1379 2485 πολιτειῶν
1400 2440 1418 2483 α
1440 2427 1508 2487 sive

333 2538 492 2609 Πλάτωνος
527 2542 668 2599 πολιτεῖαι
698 2535 718 2617 ἢ
752 2535 818 2616 περὶ
851 2537 969 2598 δικαίου
1001 2553 1019 2597 oi
1051 2540 1209 2615 scriptum
1241 2540 1436 2601 invenimus
1470 2540 1507 2599 In

333 2653 515 2713 Monacensi
546 2668 566 2725 q
589 2652 707 2725 legitur
731 2650 891 2721 Πλάτωνος
917 2654 1090 2727 Πολιτειῶν,
1113 2652 1230 2729 πρώτη,
1257 2656 1291 2712 at
1316 2654 1507 2727 subscriptio

332 2768 428 2842 primi
450 2767 523 2826 libri
547 2767 598 2826 est
621 2763 701 2835 τέλος
726 2765 881 2835 Πολιτείας
901 2764 1030 2842 πρῶτον,
1053 2766 1184 2826 secundi
1209 2765 1282 2825 libri
1302 2769 1413 2827 sutem
1438 2766 1508 2825 sub·

333 2881 463 2955 scriptio
487 2877 566 2950 τέλος
590 2882 753 2953 πολιτειῶν,
777 2875 921 2956 δευτέρας.
944 2881 989 2939 De
1010 2880 1126 2939 ceteris
1146 2880 1307 2939 codicibus
1329 2880 1409 2940 nihil
1431 2881 1510 2940 certi
1552 2887 1559 2898 ·

332 2997 447 3055 afferre
472 3011 614 3071 possum,
639 2996 667 3055 si
689 3012 765 3055 vero
786 3012 827 3056 ex
848 2983 996 3056 veterum
1018 2995 1194 3055 editionum
1217 2995 1323 3054 titulis
1341 2988 1364 3064 2λ
1385 2999 1509 3065 (omnes

334 3111 495 3167 Πολιτειῶν
531 3109 694 3180 exhibent)
730 3110 875 3169 nonnihil
911 3109 1060 3182 colligere
1095 3108 1180 3184 licet,
1216 3108 1297 3169 setis
1334 3109 1511 3169 verisimile

333 3225 384 3282 est
419 3223 555 3283 Bekkeri
592 3238 718 3296 quoqne
754 3223 880 3282 codices
915 3237 1029 3282 omnes
1064 3222 1172 3295 potins
1207 3225 1361 3280 πολιτειῶν
1393 3237 1510 3283 nomen

333 3351 431 3409 quam
463 3335 609 3406 πολιτείας
642 3339 725 3406 (gen.
749 3335 842 3406 sing.)
876 3335 908 3392 in
937 3335 1041 3393 fronte
1065 3349 1185 3405 gerere.
1212 3334 1375 3405 (Codicum
1399 3350 1510 3409 cogna-

334 3451 456 3510 tionem
481 3465 499 3508 e
522 3448 627 3509 titulis
650 3463 775 3520 quoque
799 3447 1036 3528 quodammodo
1060 3448 1208 3519 cognosci
1232 3463 1326 3522 posse
1346 3449 1511 3510 neminem

336 3564 457 3638 fugiet.)

381 3672 538 3737 Omnibus
572 3679 684 3737 autem
719 3676 797 3736 viris
831 3677 935 3736 doctis
966 3692 1159 3750 persuasum
1191 3679 1242 3737 est
1273 3677 1367 3737 unice
1400 3691 1511 3736 veram

336 3806 408 3851 esse
443 3790 601 3850 Πολιτείαν
635 3791 879 3864 inscriptionem
910 3792 1004 3863 idque
1037 3807 1054 3850 e
1087 3791 1200 3850 multis
1231 3791 1334 3864 ipsius
1368 3789 1513 3850 Platonis

334 3905 413 3964 locis
446 3905 629 3979 stephanus
659 3907 692 3963 et
722 3904 836 3962 Astius
869 3904 972 3964 lucide
997 3904 1261 3964 demonstrarunt
1282 3897 1314 3974 ³).
1340 3902 1513 3979 Quaerenti

339 4103 555 4114 ..„......-.-.--——

369 4244 388 4307 ¹)
407 4248 464 4303 Qua
480 4259 511 4292 ex
526 4244 698 4303 discrepantia
715 4243 905 4303 quodammodo
922 4244 994 4302 patet
1012 4241 1081 4287 illius
1100 4240 1195 4287 codicis
1213 4253 1317 4287 manum
1335 4239 1444 4298 primam
1463 4250 1513 4283 non

337 4327 422 4373 stetim
442 4340 456 4372 e
473 4327 530 4372 Par.
549 4326 570 4371 A
588 4324 699 4370 fluxisse.

369 4401 391 4467 δ’)
408 4404 500 4451 Aldina
525 4417 609 4463 exgr.:
635 4405 671 4450 Ar
696 4408 816 4455 πολιτεῖαι,
842 4404 872 4455 ὡς
897 4405 940 4459 μία
963 4405 1049 4464 βίβλος,
1072 4405 1197 4455 πολιτικαί,
1221 4401 1304 4452 αἵτινες
1325 4401 1356 4453 είς
1379 4396 1435 4443 δέκα
1455 4395 1514 4443 διαι-

338 4491 431 4549 ροῦνται
449 4485 575 4542 διαλόγους.

370 4561 538 4623 ³)1soeratea
562 4562 665 4624 (Philip.
690 4558 788 4626 1113)
814 4561 893 4609 verbu
918 4556 1006 4624 (νόμοις
1030 4555 1079 4624 καί)
1103 4563 1227 4612 πολιτείαις
1248 4566 1298 4612 ταῖς
1321 4557 1365 4603 ὑπὸ
1385 4563 1431 4602 τῶν
1448 4573 1515 4615 σοφε-

338 4651 398 4689 οτῶν
423 4644 590 4707 γεγραμμίναις
612 4643 718 4689 minime
740 4641 917 4688 demonstrant
941 4644 1061 4686 πολιτειῶν
1083 4652 1174 4686 nomen
1199 4637 1231 4683 ab
1254 4638 1311 4696 ipso
1331 4633 1438 4681 Platone
1456 4647 1513 4693 pro·

339 4723 435 4768 fectum
457 4735 512 4769 esse
530 4725 556 4768 et
573 4722 659 4781 potius
677 4722 703 4767 in
722 4720 879 4767 contrarium
898 4718 986 4764 cedere
1004 4718 1130 4764 videntur.
