3417 5175
767 373 809 431 95

197 574 217 618 e
252 558 387 619 Platone
417 559 564 620 additum
595 561 789 634 oportuerat.
822 561 965 621 Delende
998 561 1097 635 igitur
1127 576 1242 623 censeo
1275 564 1372 624 verba

197 661 269 730 οὐδὲ
289 674 382 749 Πατρ.
403 677 462 750 κτλ,
481 674 538 734 sed
557 674 755 734 servandum
774 674 930 749 Eurypyli
950 690 1068 735 nomen
1089 676 1129 736 cb
1142 676 1235 736 Astio
1249 679 1371 737 temere

197 786 422 847 sollicitatum.

37 892 110 949 406
143 888 173 954 A
241 900 394 962 Fortasse
435 917 461 962 c.
504 916 569 963 uno
603 902 671 962 cod.
707 901 880 975 legendum
920 900 1019 975 <oi>
1060 901 1273 979 Ἀσκληπιάδαι,
1303 904 1373 964 eive

143 1004 173 1069 Β
196 1013 415 1091 Ἀσκληπιάδαι.
460 1006 480 1099 ΙΙ
523 1015 634 1075 Malim
665 1008 760 1074 ἔπειθ’
793 1013 916 1094 ὕστερον
947 1011 1054 1087 ἄλλους
1085 1019 1144 1077 κτλ.
1175 1015 1309 1077 Videtur
1338 1017 1372 1077 in

196 1128 371 1203 archetypo
401 1124 508 1200 ἄλλους
538 1130 681 1203 primum
713 1129 883 1205 excidisse,
915 1129 1028 1191 deinde
1055 1130 1089 1189 in
1113 1130 1235 1191 melem
1259 1131 1372 1191 sedem

195 1240 356 1301 insertum
386 1242 498 1302 fuisse.
529 1243 575 1303 De
604 1242 729 1303 dicendi
758 1241 862 1317 figura
892 1258 974 1316 quae
1002 1250 1098 1321 σχῆμα
1126 1240 1158 1302 ἐκ
1182 1243 1372 1323 παραλλήλου

196 1353 283 1415 dicte
309 1356 369 1431 est,
395 1355 458 1416 vid.
482 1355 676 1416 Schanzium
701 1356 734 1417 in
757 1355 860 1429 ipsius
885 1354 1009 1417 domm.
1033 1356 1114 1418 Plet.
1139 1357 1238 1417 Novis
1262 1359 1371 1429 (1871)

136 1460 170 1524 I)
192 1480 222 1542 p.
259 1469 308 1529 12.
341 1460 361 1552 ΙΙ
393 1469 597 1544 Optimorum
629 1469 718 1529 codd.
750 1468 823 1529 lect.
856 1466 964 1547 μικρὰν
996 1473 1062 1544 (pro
1094 1467 1223 1548 μακρὰν)
1258 1470 1374 1531 δίαιταν

196 1584 284 1657 prob.
305 1582 385 1646 Bkk.
406 1583 501 1643 Schn.
521 1583 615 1659 Bait,
637 1583 740 1644 male:
761 1582 891 1657 opifices
912 1584 1008 1645 breve
1028 1585 1159 1658 tempus
1176 1586 1374 1660 praescripta

196 1697 304 1759 diaeta
327 1698 375 1758 uti
398 1712 460 1758 non
483 1712 634 1758 recusare
657 1698 884 1758 demonstrent
907 1698 1004 1758 verba
1029 1698 1061 1757 in
1083 1698 1107 1757 Ε
1127 1699 1170 1759 in.
1191 1696 1242 1758 καί
1261 1699 1373 1779 χαίρειν

196 1809 288 1871 εἰπὼν
311 1821 350 1895 τῷ
373 1810 496 1896 τοιούτῳ
519 1811 608 1894 ἰατρῷ
631 1810 672 1882 εἰς
696 1809 750 1889 τὴν
774 1810 973 1871 εἰωθυῖαν
998 1811 1114 1872 δίαιταν
1138 1810 1230 1892 ἐμβάς
1253 1818 1313 1875 ατί.

43 1920 108 1979 407
141 1916 170 1980 Α
241 1926 424 1999 Phocylidis
459 1942 573 1987 versus
601 1928 679 1986 eret
713 1926 837 2000 (Bergk.
871 1927 886 1986 Ι
916 1926 954 1985 fr.
990 1928 1031 1985 10
1062 1942 1092 2001 p.
1126 1928 1200 1998 359)
1233 1927 1374 2005 δίζησθαι

195 2038 309 2117 βιοτήν,
340 2035 446 2118 ἀρετὴν
478 2033 515 2098 θ’4
541 2037 611 2098 ὅταν
643 2032 661 2122 ᾖ
692 2039 757 2118 βίος
788 2036 900 2116 ἀσκεῖν,
926 2055 991 2102 sec.
1018 2040 1248 2103 Schneiderum
1273 2042 1373 2113 (Neue

194 2154 265 2214 Jbb.
297 2154 319 2214 i.
351 2154 432 2214 Phil.
464 2155 528 2215 und
560 2154 696 2227 Paedeg.
727 2154 849 2214 Archiv
880 2155 919 2214 18
944 2170 974 2229 p.
999 2155 1073 2225 508)
1097 2156 1209 2215 eutem
1233 2155 1373 2233 δίζησθαι

141 2257 171 2320 Β
194 2266 308 2345 βιοτήν,
339 2264 445 2344 ἀρετὴν
478 2262 505 2326 δ’
534 2265 604 2326 ὅταν
627 2259 646 2350 ᾖ
671 2267 736 2346 βίος
759 2263 829 2345 ἤδη.
855 2259 875 2350 ΙΙ
898 2267 969 2328 Non
993 2268 1079 2329 male
1104 2268 1207 2329 Groen
1234 2286 1262 2330 v.
1287 2270 1372 2329 Prin·

194 2383 299 2442 sterer
322 2380 421 2451 (Pros.
445 2380 539 2450 Piat.)
563 2382 602 2442 ci.
626 2376 646 2457 ἢ
673 2375 764 2457 <ἡ>
788 2380 970 2459 νοσοτροφία
988 2384 1047 2459 κτλ,
1065 2382 1175 2456 itaque
1197 2384 1373 2444 verisimile

195 2498 245 2555 est
273 2494 385 2567 partic.
410 2495 641 2555 disiunctivem
664 2490 684 2571 ἢ
708 2494 938 2569 heplogrephia
961 2495 994 2555 in
1018 2497 1084 2557 iere
1109 2495 1260 2557 omnibus
1284 2497 1372 2558 codd.

194 2610 364 2671 excidisse.
385 2609 411 2669 Ε
430 2610 542 2686 paucis
564 2609 652 2670 codd.
673 2609 779 2685 recipe
791 2583 1018 2687 παρακέλευσμα
1030 2626 1087 2685 pro
1099 2607 1317 2689 παρακέλευμα.
1332 2647 1373 2656 -

195 2726 232 2785 In
264 2725 340 2784 Ραοο
369 2724 397 2783 Α
422 2725 520 2785 verba
544 2721 647 2802 σχεδόν
671 2719 704 2802 γε’
726 2745 753 2783 τι
762 2768 844 2785 .....
871 2723 1004 2800 σώματος
1028 2724 1152 2786 Socrati
1176 2725 1373 2802 tribuuntur,

195 2840 307 2900 contra
330 2839 499 2899 rationem.
525 2837 760 2898 Stallbaumius
784 2838 893 2909 (1829)
918 2839 1029 2899 omnia
1051 2840 1124 2900 inde
1149 2855 1168 2900 a
1190 2836 1241 2897 ναί
1263 2837 1304 2916 ρὰ
1323 2837 1374 2898 τὸυ

195 2951 254 3010 Δία
275 2967 377 3025 usque
397 2953 437 3012 ad
455 2949 568 3010 οὐκοῦν
589 2951 632 3021 (in
651 2951 669 3020 ὃ
690 2949 722 3021 C)
743 2950 899 3011 Glauconi
919 2951 1033 3011 tribuit
1053 2952 1168 3012 deletis
1181 2957 1217 3022 (c.
1232 2951 1311 3012 Ven.
1327 2953 1360 3009 Π
1364 2956 1373 3021 λ

197 3065 303 3125 νειοῖο
333 3063 411 3135 είκός
441 3059 482 3144 γ’,
512 3063 581 3142 ἔφη,
606 3065 697 3141 mole,
722 3080 800 3125 nem
825 3065 923 3125 verba
945 3063 977 3125 τὸ
1002 3060 1033 3124 δὲ
1058 3062 1095 3142 θη
1121 3062 1256 3145 μεήιστου
1280 3066 1374 3126 unice

197 3291 261 3352 Ναὶ
290 3291 331 3370 μὰ
362 3291 413 3352 τὸν
423 3338 504 3354 .....
536 3292 688 3363 δύσκολος.
722 3291 807 3352 Soc‘r.
836 3289 876 3351 Τὸ
901 3286 933 3350 δὲ
957 3289 1069 3368 (irim.
1094 3291 1237 3369 σώματος.
1264 3291 1373 3353 (ilaue.

197 3405 290 3479 Εἰκός
312 3411 362 3466 ιτλ
386 3408 575 3481 receperunt
598 3405 745 3467 Schneid.
770 3405 883 3466 Stalib.
909 3405 1019 3475 (1850)
1035 3399 1055 3474 ¹)
1080 3405 1192 3466 Herm.
1214 3405 1374 3467 Schmelz.

198 3521 372 3596 Campbeil.
406 3555 446 3564 -
478 3522 556 3581 Post
588 3521 816 3582 vehementem
841 3519 1015 3580 Glauconis
1038 3517 1290 3580 affirmationem
1315 3517 1399 3590 (υαλΙ

198 3633 239 3712 ρὰ
268 3633 320 3695 τὸυ
352 3633 410 3693 Δία
440 3638 500 3705 κτλ)
531 3635 649 3695 iterato
680 3653 712 3712 ηε
739 3648 803 3693 non
827 3648 909 3707 opus
932 3634 993 3709 est,
1016 3633 1127 3707 itaque
1151 3633 1374 3707 corrigendum

197 3764 314 3810 censeo
345 3750 403 3809 eut
433 3746 537 3826 σχεδόν
570 3744 623 3826 [γέ]
648 3768 675 3806 τι
699 3746 833 3820 (aliquot
855 3746 945 3807 codd.
970 3761 997 3806 c.
1023 3745 1143 3807 Gelono
1168 3745 1271 3825 σχεδόν
1295 3746 1324 3806 τί
1344 3767 1376 3825 ηε

197 3863 341 3933 tradunt)
372 3865 430 3923 aut
458 3857 478 3939 ἡ
511 3864 588 3933 [ΓΕ]
621 3857 805 3940 ΠΕραιτέροι
836 3863 895 3922 κτλ.
932 3893 970 3902 -
995 3859 1101 3920 Verba
1124 3856 1156 3918 ίυ
1178 3858 1271 3936 πόλει,
1293 3875 1375 3933 quae

199 3968 341 4039 Galenus
374 3978 449 4052 post
482 3972 571 4054 ἀρχὰς
606 3975 712 4050 hebet,
748 3974 829 4035 mihi
864 3974 975 4047 spuria
1010 3974 1159 4035 videntur
1192 3976 1225 4034 et
1256 3973 1375 4032 misere

198 4093 369 4166 languent:
394 4091 467 4165 quis
490 4089 577 4150 enim
601 4092 688 4148 extra
708 4089 818 4148 urbem
840 4083 1120 4166 πορευομένας
1144 4083 1264 4164 ἀρχὰς
1285 4100 1375 4144 voce·

147 4200 176 4266 li
199 4207 256 4267 bet
279 4203 441 4283 ἕδραίουςλ
466 4258 471 4282 .
504 4204 656 4263 Fortasse
676 4202 882 4262 scribendum
901 4200 1075 4283 καθεστώσῃ
1097 4214 1154 4274 pro
1173 4197 1375 4279 καθεστηκυίᾳ

200 4319 271 4380 coil.
292 4321 369 4380 note
388 4318 526 4378 dictione
546 4311 564 4393 ἡ
585 4319 759 4374 καθεστῶσα
777 4309 894 4390 ἡλικίας
912 4314 951 4375 ci.
965 4314 1042 4388 Rep.
1057 4313 1121 4373 428
1134 4312 1159 4371 Ε
1172 4319 1377 4388 προεστῶτι,

200 4434 303 4493 452Β
335 4430 366 4491 ἐν
389 4441 428 4514 τῷ
452 4437 659 4510 παρεστῶτι,
682 4427 800 4488 Criton.
825 4427 907 4486 4313
930 4435 965 4510 τῇ
992 4424 1200 4508 παρεοτώση
1226 4425 1373 4506 ξυμφορᾷ,

235 4679 254 4744 ¹)
273 4683 363 4732 Stelib.
381 4677 469 4744 (1858)
487 4682 565 4727 etiam
582 4680 660 4727 verbe
678 4679 716 4724 καί
734 4678 824 4741 γὰρ...
844 4678 955 4728 δύσκολος
972 4672 1071 4720 socrati
1088 4670 1185 4717 tribuit.
