3417 5175
716 373 778 433 143

115 554 141 619 l)
166 557 331 633 ,profecto
363 558 392 617 si
415 559 498 619 etc.'’
526 549 545 642 ΙΙ
569 560 639 618 vam
663 559 688 619 L
712 549 799 617 αὗται
822 554 883 635 (sic
907 560 969 619 Ast
991 560 1071 621 Bkk.
1097 560 1208 623 stallb.
1235 560 1333 642 1858)

162 685 214 745 pro
246 668 334 729 adrat
368 674 515 733 recentes
549 673 640 735 editt.
676 675 709 733 et
743 672 854 733 Heller
888 669 972 749 (dur.
1006 674 1076 735 orit.
1108 690 1138 749 p.
1171 678 1223 747 25)
1247 680 1333 738 recte

161 784 347 845 reiecerunt.
372 818 412 828 -
437 787 537 848 Recte
564 787 657 849 θεοῦ
681 802 792 848 rocem
816 785 931 858 τίτθαις
955 788 1053 848 vertit
1079 788 1147 864 ,les
1170 791 1335 853 nourrioes

161 899 406 961 mercenaires.”
440 902 584 962 Interdiu
618 902 718 975 igitur
751 902 841 975 ipsae
881 900 1041 976 φυλακίδες
1071 903 1268 981 nutriebant,
1302 907 1341 966 at·

161 1014 255 1072 noctu
282 1010 405 1074 vireat?
436 1015 487 1074 An
515 1016 594 1075 sunt
623 1015 655 1076 h.
687 1014 708 1075 l.
739 1012 838 1073 τίτθαι
868 1029 933 1074 non
963 1014 1111 1076 diversae
1144 1015 1338 1096 οτιθηνυις,

160 1126 223 1186 licet
240 1125 307 1185 clia
323 1126 495 1187 scholiastes
508 1128 708 1203 praecr'pictl
726 1127 759 1189 si
778 1127 940 1188 nescirem
958 1128 1101 1189 infantes
1121 1129 1221 1190 etiam
1239 1134 1337 1193 noctu

160 1240 348 1301 nutriendos
381 1256 464 1317 esse,
498 1242 635 1303 libenter
669 1242 862 1315 corrigerem
896 1238 1036 1317 τιθήναις
1074 1262 1104 1301 τε
1135 1239 1186 1301 καὶ
1215 1249 1337 1323 τροφοῖς

160 1353 230 1414 coll.
262 1354 345 1415 Tim.
377 1355 419 1414 88
443 1356 469 1415 D
492 1353 622 1433 τιθήνην
645 1376 674 1415 τε
697 1351 748 1414 τιυὶ
770 1352 893 1433 τροφόν.
918 1388 959 1397 -
984 1355 1166 1416 Paucorum
1191 1357 1279 1419 codd.
1304 1359 1338 1419 et

163 1467 291 1551 Stobaei
325 1468 397 1530 lect.
429 1466 627 1548 προύθέμεθα
657 1469 744 1545 prob.
779 1465 1016 1547 semensas),
1048 1469 1185 1546 Madvig,
1218 1472 1337 1549 Baiter,

163 1581 305 1658 eampo,
337 1581 529 1644 rectissime.
560 1582 611 1644 Ad
642 1582 861 1652 adverbialem
894 1582 1091 1643 locutionem
1123 1578 1207 1644 τὸδ’
1233 1582 1339 1664 ἐφεξῆς

114 1694 138 1758 E
161 1696 200 1756 ef.
231 1692 264 1754 τὸ
295 1691 367 1772 μετὰ
396 1703 493 1774 τοῦτο,
518 1694 551 1756 τό
575 1694 713 1774 πάλυνον,
735 1693 886 1775 τάρχαῖον,
908 1696 982 1758 alia.
1007 1688 1028 1779 ΙΙ
1053 1697 1265 1760 scribendum
1289 1702 1340 1760 est

160 1807 346 1886 εἰκοσετίδος,
363 1810 681 1889 τετταρακοντοντίδος,
700 1819 1121 1889 πεντεκαιπεντηκοντοντοῦς,
1136 1813 1176 1873 cf.
1190 1829 1240 1887 ap.
1252 1814 1339 1874 Aris·

161 1925 249 2000 toph.
272 1924 412 1985 Acheru.
436 1924 506 1985 init.
527 1928 681 2002 πεντετεῖς,
701 1924 834 2002 δενετεῖς,
852 1923 1115 2002 τοιανοντοντίδες,
1134 1926 1211 2001 Rep.
1233 1928 1297 1988 539
1310 1928 1340 1989 A

160 2043 404 2118 τριακοντοντεῖς,
438 2040 503 2101 540
537 2041 566 2100 A
595 2047 866 2118 πεντηκοντουτῶν,
897 2040 961 2099 540
993 2039 1018 2098 E
1050 2038 1185 2118 δεκετῶν,
1215 2043 1279 2102 615
1311 2043 1340 2102 A

161 2159 279 2233 χιλτετη,
308 2157 404 2231 Legg.
438 2156 501 2219 789
528 2155 552 2214 Ε
576 2150 691 2233 τριετὲς,
712 2154 776 2213 809
801 2153 826 2212 Ε
851 2152 968 2229 δεκετεῖ,
991 2152 1055 2213 alia
1078 2154 1110 2214 id
1132 2168 1246 2228 genus,
1270 2155 1340 2215 Edi·

162 2270 271 2330 torum
290 2272 342 2331 his
360 2271 394 2332 in
413 2254 582 2345 scripturis
600 2266 818 2328 inconstantia
837 2266 983 2326 maxime
999 2266 1221 2342 vituperanda.
1235 2268 1340 2329 Verba

164 2379 308 2462 ὀξυτάτην
332 2382 444 2464 δρόμου
465 2380 563 2461 dupio
587 2383 720 2457 epoeta
738 2381 846 2455 aliquo
865 2381 968 2456 petita
989 2380 1100 2443 Stallb.
1122 2384 1156 2443 et
1175 2383 1340 2445 Herwerd.

164 2493 239 2574 (Mn.
266 2494 363 2577 1883)
388 2499 531 2559 censent.

38 2611 82 2673 iel
109 2608 139 2675 A
206 2614 235 2676 J.
259 2614 391 2676 Richter
414 2610 533 2691 (Fleck.
556 2613 627 2674 lbb.
655 2613 750 2687 1867,
776 2611 828 2672 bd.
844 2611 898 2682 ee)
924 2612 963 2673 ci.
988 2611 1105 2673 δίκαιον
1128 2610 1274 2692 φήσομεν,
1293 2611 1342 2674 ἅτε

163 2723 371 2808 ἁμαρτήματος
404 2728 498 2788 παῖδα
522 2726 681 2804 φιτύοντος
703 2734 739 2810 τῇ
762 2725 846 2786 uolat
869 2729 929 2803 ντὶ,
952 2727 987 2787 at
1011 2727 1143 2800 vulgata
1167 2727 1343 2788 sanissime

162 2843 224 2903 est.
259 2843 321 2904 Pro
355 2841 528 2922 γεννήσεται
559 2858 577 2902 e
607 2841 719 2917 paucis
751 2841 840 2901 codd.
877 2840 940 2900 Ast
963 2833 983 2910 ¹)
1017 2840 1117 2901 Bekk.
1142 2840 1255 2902 Stallb.
1280 2837 1341 2919 (ed.

162 2957 267 3028 Goth.)
287 2955 439 3037 γενήσεται
453 2957 654 3032 receperunt,
675 2954 801 3015 scilicet
813 2967 854 3014 ne
866 2954 941 3028 post
952 2951 1124 3032 γεννήσεται
1136 2954 1342 3029 participium

162 3070 223 3147 φύς
257 3068 290 3149 (i.
315 3087 342 3132 e.
374 3073 467 3132 satus
481 3064 513 3142 ἢ)
548 3067 686 3130 absurde
720 3066 910 3142 abundaret,
942 3067 1062 3144 optime,
1095 3069 1153 3129 sed
1176 3069 1345 3143 praeterea

163 3182 291 3265 γεγονὼς
320 3185 355 3245 in
380 3186 399 3255 5
421 3185 448 3246 B
470 3185 513 3246 ln.
537 3181 759 3257 interpolatori
783 3179 993 3257 reddendum,
1017 3181 1093 3255 quia
1115 3197 1344 3256 praegressum

165 3298 226 3376 φὺς
247 3300 314 3361 lam
337 3297 460 3360 sufficit
481 3313 540 3360 nec
562 3293 690 3377 γεγονώς
713 3294 800 3355 idem
824 3309 863 3360 ao
889 3295 1022 3370 „satus”
1046 3293 1228 3368 significare
1249 3310 1344 3370 posse

105 3409 140 3475 B
164 3429 280 3476 censeo
315 3410 367 3492 (ci.
399 3414 462 3474 461
494 3412 521 3472 D
551 3405 715 3490 γεγονότα).
740 3400 759 3492 ΙΙ
783 3399 864 3469 θεο1
893 3403 921 3473 Ξ
949 3410 981 3469 et
1012 3408 1142 3469 Eusebii
1165 3410 1240 3470 leet.
1264 3402 1284 3494 ᾗ
1307 3405 1346 3469 ἂν

165 3524 289 3588 ἐθέλωσι
311 3528 398 3603 prob.
422 3527 486 3588 Ast
507 3526 588 3587 Bkk.
613 3524 789 3595 Stallb.(ed.
815 3519 934 3600 Gothi,
959 3523 1050 3599 mula,
1078 3523 1155 3597 quia
1175 3520 1285 3596 αὐτοὺς
1306 3525 1346 3585 ad

167 3644 341 3715 utrumque
364 3656 482 3702 sexum
505 3640 618 3702 referri
637 3655 697 3702 neo
716 3639 774 3699 tali
794 3637 1051 3711 breviloquentia
1072 3639 1157 3712 apud
1175 3638 1345 3700 Platonem

167 3772 227 3817 nos
257 3756 375 3818 offendi
405 3756 532 3831 oportet
562 3747 598 3837 (ᾧ
630 3755 682 3815 est
711 3757 813 3813 aeutr.
844 3751 975 3828 pencris,
1008 3751 1048 3813 cl.
1072 3751 1106 3812 in
1130 3752 1148 3821 θ
1170 3752 1228 3814 ult.
1253 3748 1347 3812 ιτυὶθ

113 3866 145 3935 0
167 3867 264 3948 νυνδὴ
287 3868 401 3950 tityre).
426 3860 447 3952 ΙΙ
466 3869 565 3930 Recte
585 3867 700 3929 Aetius
720 3884 738 3928 e
758 3866 978 3941 compluribus
998 3865 1087 3928 codd.
1105 3863 1228 3941 <τὰς>
1244 3869 1347 3946 γυναῖ-

165 4007 221 4058 νιυς
243 3985 373 4061 recepit.
396 3984 468 4044 Non
490 3998 623 4045 necesse
646 3983 699 4043 est
720 3996 777 4056 pro
800 3977 849 4040 ea
867 3977 900 4040 τὸ
919 3977 998 4039 κάτω
1017 3979 1129 4055 reponi
1147 3978 1188 4051 εἰς
1208 3976 1240 4039 τὸ
1260 3976 1348 4056 adro,

167 4100 276 4161 confer
305 4099 393 4161 enim
422 4098 531 4160 locum
562 4113 579 4158 e
609 4095 755 4158 Phaedro
784 4093 840 4166 εἰς
863 4093 899 4154 tv
923 4090 974 4153 τιυὶ
996 4090 1058 4153 ἐντὶ
1080 4089 1175 4153 πολλὰ
1196 4085 1345 4167 ττεφυνιόθ’

168 4210 250 4294 ὁρᾶν.
269 4247 313 4256 -
332 4212 463 4275 Eusebii
493 4214 527 4274 et
549 4210 741 4273 Theodoreti
764 4209 937 4270 lectionem
960 4205 1000 4286 μὴ
1024 4205 1065 4278 εἰς
1090 4214 1154 4282 φῶς
1179 4208 1246 4280 (pro
1270 4198 1343 4282 μηδ’

167 4326 209 4400 εἰς
239 4325 316 4406 φῶς)
347 4328 470 4404 optimo
500 4326 570 4387 iure
600 4325 715 4385 Astius
743 4324 909 4400 probabat,
932 4337 1008 4384 cum
1033 4321 1107 4396 post
1130 4317 1253 4396 μάλιστα
1277 4334 1347 4380 con·

200 4607 222 4678 ¹)
238 4612 288 4670 Qui
303 4625 382 4673 prave
399 4612 477 4661 vertit
493 4614 557 4674 λάθη
577 4610 698 4668 ,Ῑετοεθζ
715 4607 842 4658 debuerat
862 4607 930 4656 enim
951 4605 989 4661 „si
1009 4600 1139 4652 latuerit.'’

202 4688 223 4757 ¹)
241 4693 281 4742 Ol.
299 4705 392 4740 nomen
410 4698 432 4741 cl
447 4696 568 4756 φύσαντες,
587 4703 639 4750 quo
656 4690 726 4750 apud
744 4692 836 4750 poetas
854 4689 975 4749 parentes
993 4685 1115 4746 gaudent·
