3417 5175
695 358 698 365 ’
722 387 782 446 127

160 574 190 632 si
217 566 241 655 ᾧ
265 589 321 648 per
343 573 571 634 attractionem
596 574 784 649 explicatur,
809 574 908 634 verba
930 573 1024 657 τούτῳ
1047 571 1097 632 καὶ
1120 573 1212 646 οὕτως
1236 577 1331 637 abun·

162 688 250 761 dant,
275 687 326 746 sin
349 688 390 747 ad
413 681 501 770 qim,
525 683 646 765 λέγομεν
670 688 781 747 mente
804 687 994 761 supplemus
1013 684 1105 745 αὐτὸν
1125 686 1241 747 δίκαιον
1260 682 1337 748 εἶναι

161 800 396 861 balbutientem
417 801 582 862 Socratem
603 801 759 861 facimus:
780 801 856 861 audi
875 801 962 861 enim
982 801 1136 861 subtilem
1157 802 1336 863 doctrinam

161 913 195 973 in
215 914 349 986 vulgata
367 914 567 974 reconditam
587 906 627 985 εἷς
647 910 776 989 ἕκαστος,
796 908 818 996 ᾧ
836 915 899 984 (vel
916 908 1001 996 ᾧκολ
1013 910 1063 989 ὡς,
1074 916 1111 975 ut
1123 914 1235 976 Stallb.
1251 918 1336 979 1829

161 1028 211 1097 ci.)
227 1026 367 1098 πολλάκις
383 1025 504 1106 λέγομεν
516 1025 608 1087 αὐτὸν
621 1027 738 1087 δίκαιον
751 1021 836 1104 εἶναι,
848 1028 942 1111 τούτῳ
954 1026 1005 1087 καλ
1017 1028 1110 1101 οὕτως
1123 1029 1237 1101 δίκαιος
1249 1028 1336 1089 ἔσται.

161 1140 231 1200 Mea
255 1140 384 1213 quidem
410 1156 504 1201 mens
527 1142 560 1200 in
582 1143 675 1201 tanta
694 1143 839 1202 doctrina
859 1142 1011 1203 hebescit.
1032 1144 1076 1202 At
1095 1144 1222 1205 medela
1242 1144 1335 1205 lenis·

160 1254 246 1313 sima
277 1256 310 1313 et
340 1254 524 1314 certissima
555 1256 595 1315 ad
627 1270 762 1315 manum
793 1257 855 1330 est,
879 1271 955 1315 cum
979 1255 1058 1316 illud
1079 1253 1130 1315 καλ
1153 1255 1246 1341 οὕτως
1269 1258 1336 1318 fere

160 1368 283 1427 clamet
294 1369 544 1441 comparationis
568 1369 709 1429 alterum
721 1369 906 1429 membrum
926 1369 1130 1431 librariorum
1151 1371 1244 1445 culpa
1264 1388 1334 1433 eva·

159 1482 273 1542 nidum
294 1482 417 1542 factum
438 1498 528 1568 esse:
549 1483 672 1557 corrige
692 1477 715 1565 ᾧ
734 1480 902 1557 <τόλιν>
917 1482 1057 1554 πολλάκις
1069 1481 1204 1563 ἐλέγομεν
1216 1485 1263 1555 (V.
1278 1486 1334 1562 L.),

159 1594 254 1678 τούτῳ
285 1593 335 1653 καὶ
361 1586 449 1667 οὗτος
471 1593 558 1655 ἔσται.
583 1597 760 1669 Postquam
785 1597 1012 1672 compendium
1036 1598 1125 1658 vocis
1149 1596 1236 1657 πόλιν
1260 1601 1336 1660 ante

159 1705 300 1779 πολλάκις
316 1701 336 1778 ¹)
360 1709 490 1785 excidit,
514 1702 600 1781 οὗτος
624 1725 644 1770 a
667 1710 797 1770 librario
821 1710 874 1770 vel
898 1712 1076 1771 correctore
1101 1712 1134 1771 in
1154 1710 1247 1783 οὕτως
1268 1728 1336 1773 mu·

160 1822 279 1882 tatum.
303 1821 386 1881 Illud
409 1814 496 1893 οὗτος
518 1838 583 1883 non
606 1823 747 1897 amplius
771 1824 812 1883 ad
835 1819 888 1881 ἕνα
912 1820 1034 1883 ἕκαστον
1053 1825 1089 1894 (Β
1110 1825 1180 1894 ult.)
1200 1826 1335 1886 referen-

159 1935 250 2009 dum,
281 1936 337 1995 sed
368 1936 409 1995 ad
438 1937 633 2010 praecedens
657 1934 779 2007 (πόλεώς
801 1956 830 1994 τε
853 1933 914 2007 καλ)
938 1935 1065 1996 ἰδιώτου.
1090 1938 1226 1997 Prorsus
1249 1939 1336 1998 idem

161 2046 228 2107 iam
250 2048 342 2108 Plato
361 2049 457 2122 paulo
476 2052 552 2110 ante
572 2050 605 2109 in
628 2050 732 2109 4411)
751 2046 802 2108 καὶ
821 2048 939 2109 δίκαιον
959 2047 996 2126 δὴ
1018 2053 1068 2109 κτλ
1087 2051 1224 2112 dixerat.
1243 2053 1334 2112 Prae·

160 2162 250 2221 terea
270 2162 316 2221 sic
336 2162 468 2223 demum
487 2163 636 2237 proxima
658 2162 687 2221 τί
707 2154 764 2222 οδν
786 2166 836 2221 κτλ
860 2164 1028 2224 commode
1052 2166 1278 2225 annectuntur.
1293 2199 1334 2208 -

158 2274 205 2335 Ea
246 2288 329 2347 quae
372 2276 486 2337 statim
532 2278 721 2352 sequuntur,
765 2276 846 2336 mihi
884 2276 1021 2337 obscura
1060 2292 1132 2338 esse
1175 2278 1334 2353 videntur,

158 2388 223 2449 nisi
246 2389 388 2463 corrigas
411 2389 452 2467 μή
474 2410 517 2473 πῃ
539 2384 612 2467 ἡμῖν
635 2388 844 2470 ἀπήμβλυνται
867 2387 937 2450 ἄλλο
960 2413 987 2450 τι
1011 2390 1187 2469 δικαιοσύνη
1211 2392 1333 2465 [δοκεῖν]

158 2495 235 2562 εἶναι
263 2499 284 2581 ἢ
312 2506 363 2561 κτλ
392 2503 413 2563 i.
438 2519 465 2563 e.
501 2520 600 2579 ,num
630 2519 650 2564 a
680 2505 772 2566 nobis
802 2505 929 2565 iustitia
952 2505 1068 2567 obtusa
1093 2520 1130 2566 ao
1153 2506 1334 2567 deformata

159 2620 210 2679 est
228 2618 275 2678 ita
294 2620 331 2678 ut
351 2618 501 2695 formam,
522 2634 621 2692 quam
640 2619 674 2678 in
693 2620 826 2680 civitate
845 2621 957 2681 nostra
969 2621 1137 2696 induisset,
1151 2621 1333 2682 amiserit.”

159 2730 343 2792 Perfectum
385 2733 516 2806 tempus
549 2733 661 2806 utique
696 2735 918 2795 necessarium
953 2737 1013 2794 est.
1049 2735 1192 2795 Verbum
1227 2733 1336 2811 δοκεῖν,

159 2846 243 2917 quod
264 2845 297 2905 in
321 2845 539 2919 compluribus
562 2848 651 2907 codd.
672 2847 843 2923 omissum,
865 2848 951 2907 male
972 2847 1123 2924 abundat,
1146 2863 1222 2908 nam
1244 2849 1334 2908 effac·

158 2959 214 3018 tus
243 2965 295 3017 τοῦ
323 2955 541 3038 ἀπημβλύνθοιι
564 2962 615 3020 est
636 2960 793 3021 nimirum
815 2958 849 3019 τὸ
872 2952 979 3018 εἶναι
1003 2956 1073 3019 ἄλλο
1097 2982 1124 3019 τι
1147 2957 1167 3038 ἢ
1189 2965 1250 3038 κτλ,
1271 2977 1335 3021 non

159 3067 192 3129 τὸ
214 3070 351 3130 δοκεῖν
373 3064 481 3130 εἶναι
498 3075 556 3131 κτλ.
576 3073 660 3134 Illud
680 3069 903 3151 ἀπαμβλύνεται
927 3074 1066 3134 editores
1085 3074 1228 3134 multum
1240 3075 1336 3134 torsit

110 3183 135 3246 ll
160 3185 193 3243 et
224 3184 264 3244 ab
291 3184 366 3244 aliis
389 3185 484 3246 aliter
506 3186 715 3260 explicatum.
740 3176 760 3269 ΙΙ
785 3186 913 3259 corrige
936 3184 1008 3263 τερί
1029 3206 1061 3263 γε
1084 3188 1168 3258 (post
1190 3184 1217 3245 εἰ
1238 3201 1336 3261 saepe

159 3318 191 3375 γε
221 3298 359 3368 additur)
390 3301 448 3359 aut
477 3297 625 3377 <τερλ>
651 3307 704 3358 τοῦ
728 3297 834 3382 ἐκείνῃ.
861 3333 898 3342 -
926 3299 1085 3375 Quoniam
1107 3299 1222 3374 optimi
1245 3301 1335 3361 codd.

159 3418 265 3471 τοῦτον
288 3409 380 3472 αὐτὸν
403 3414 587 3489 praebeant,
612 3414 785 3474 Schneider
808 3415 842 3474 et
862 3413 992 3488 Campb.
1014 3413 1218 3474 coniecerunt
1229 3421 1335 3473 τοῦτον

159 3522 242 3603 αὐτό,
272 3526 369 3601 male,
396 3541 473 3587 nam
497 3528 717 3602 corripendum
739 3531 781 3588 eet
803 3521 882 3586 τοῦτ’
909 3523 948 3585 dv
971 3524 1063 3587 αὐτὸν
1087 3527 1204 3605 δρᾶσαι,
1225 3528 1335 3602 itaque

159 3632 240 3697 τοῦτ’
264 3634 301 3697 διν
322 3654 342 3699 a
361 3640 500 3700 librariis
518 3641 552 3700 in
570 3649 676 3701 τοῦτον
696 3642 798 3701 stulte
820 3642 995 3702 mutatum.
1017 3640 1195 3717 Quominus
1215 3640 1336 3718 δράσειν

161 3752 339 3826 corrigatur
361 3769 425 3814 non
448 3768 551 3814 unum
574 3755 692 3814 obstat.

28 3862 75 3922 :43
104 3857 138 3925 Δ
206 3867 331 3927 Iterum
361 3867 468 3945 insere
500 3862 548 3943 liv,
574 3881 652 3926 nam
675 3882 869 3941 responsum
892 3875 954 3938 πῶς
977 3863 1032 3946 γὰρ
1056 3863 1110 3941 δίν;
1123 3869 1275 3958 ¹declarat
1298 3865 1336 3926 διν

161 3981 388 4057 praecessisse,
419 3981 529 4054 itaque
561 3981 683 4053 corrige
713 3977 881 4040 ὁπωστιοῦν
916 3975 1036 4055 <δν>
1069 3976 1199 4052 ἄπιστος.
1235 3982 1335 4041 Paulo

162 4094 237 4153 ante
271 4093 443 4167 legendum
467 4110 583 4155 censeo
607 4092 734 4175 δημοσίᾳ
757 4092 870 4164 πόλεως
898 4094 918 4153 i.
944 4109 971 4155 e.
995 4094 1129 4168 patriae.
1155 4127 1195 4137 -—
1219 4093 1245 4153 Ε
1268 4093 1334 4154 Sto·

106 4203 139 4269 B
161 4189 241 4268 baeo
272 4209 387 4269 Aetius
410 4208 531 4282 optime
554 4209 628 4282 post
650 4210 775 4285 μοιχεῖαι
797 4207 914 4281 partam
936 4227 968 4286 γε
992 4207 1123 4281 recepit.
1148 4199 1168 4288 ΙΙ
1181 4207 1283 4267 ‘Idem
1307 4221 1343 4267 ο.·

160 4335 226 4382 uno
256 4321 374 4383 Stallb⁰
395 4323 483 4383 recte
515 4337 533 4382 e
562 4322 678 4382 deterr.
711 4321 800 4381 codd.
831 4317 912 4403 αὐτῷ
939 4327 998 4379 τῶν
1021 4316 1053 4378 ἐν
1076 4316 1156 4400 αὐτῷ
1180 4320 1334 4397 suscepit,
1409 4313 1412 4318 ’

160 4449 240 4495 nam
262 4432 356 4496 adrat
379 4437 564 4497 monstrum
584 4436 644 4495 est.
669 4431 758 4517 Αὐτῷ
782 4436 834 4494 est
857 4433 988 4494 dativus
1010 4432 1181 4494 commodi.
1208 4432 1278 4492 Etsi
1301 4433 1335 4494 in
1394 4517 1397 4527 Ι

197 4680 216 4745 ι)
235 4682 355 4730 Fortasse
371 4686 481 4737 πολλάκις
497 4696 529 4730 ex
541 4684 610 4729 πόλιν
624 4646 673 4740 (αδ)
685 4681 753 4728 male
767 4683 852 4729 ortum
867 4682 893 4728 et
907 4679 1043 4740 legendum
1057 4678 1106 4726 erit
1120 4674 1138 4742 d
1152 4682 1220 4726 πόλιν
1233 4679 1334 4737 λὲγομεν.
