3417 5175
562 1426 736 1509 LIBER
767 1426 1023 1511 TERTIUS.

703 1766 715 1771 -
723 1765 894 1773 ...Ἣ-ι.

39 1954 109 2012 Pag.
131 1954 227 2012 Stoph.
358 1949 361 1954 ⁴

251 2049 366 2111 Veneti
396 2051 464 2111 cod.
490 2051 500 2112 l
524 2055 755 2126 argumentum
781 2049 906 2113 libini
930 2067 994 2113 non
1017 2052 1103 2113 ultra
1125 2068 1156 2126 p.
1179 2052 1243 2114 889
1263 2052 1289 2111 D
1312 2066 1379 2127 pro·

206 2163 301 2239 cedit,
326 2164 401 2236 quia
420 2164 494 2225 inde
517 2166 558 2226 ab
580 2163 653 2243 ὑμῖν
675 2169 738 2236 ταῖς
762 2163 894 2236 νεανίαις
918 2145 981 2237 πῶς
1005 2181 1049 2226 m.
1074 2180 1137 2226 sec.
1162 2166 1284 2241 incipit.

40 2270 116 2329 386
153 2267 181 2331 Β
252 2278 364 2339 Stallb.
396 2279 505 2349 (1858)
537 2294 612 2339 cum
644 2279 790 2340 Schneid.
822 2279 935 2339 Herm.
964 2280 997 2339 et
1019 2278 1137 2338 ceteris
1160 2278 1250 2339 editt.
1275 2294 1380 2340 recen·

205 2392 293 2452 tibus
325 2388 399 2469 ἀδεῆ
422 2407 479 2467 pro
501 2389 574 2452 ἀδεᾶ
597 2393 684 2454 male
707 2392 859 2454 defendit.
885 2391 1055 2453 Platonem
1078 2392 1186 2453 Attice
1211 2392 1380 2467 scripsisse

205 2505 271 2565 iam
290 2497 400 2581 'saepe
431 2507 628 2568 monuimus.
661 2540 701 2549 -
734 2505 833 2567 Recte
865 2520 944 2567 mox
982 2506 1130 2567 Schneid.
1167 2502 1234 2584 περὶ
1268 2505 1381 2567 τούτων

204 2627 263 2677 τῶν
282 2619 391 2695 μύθων
411 2635 487 2680 cum
506 2617 611 2700 λέγειν,
626 2635 691 2681 non
710 2635 787 2680 curn
807 2617 970 2680 ἐπιστατεῖν
990 2621 1168 2697 coniunxit,
1191 2623 1227 2681 ut
1248 2620 1378 2696 (lampb.

205 2731 291 2792 fecit.
323 2732 465 2794 Delenda
495 2735 606 2794 autem
631 2735 709 2794 sunt
732 2735 830 2795 verba
852 2741 912 2792 τῶν
936 2733 1054 2810 μύθων,
1078 2748 1154 2795 cum
1178 2736 1293 2809 poetae
1316 2750 1381 2796 non

196 2849 245 2934 ‚de
275 2847 393 2909 fabulis
423 2846 458 2907 τὰ
489 2845 520 2907 ἐν
541 2844 649 2909 ’Ἅιδου
679 2849 936 2911 describentibus
959 2845 1053 2927 λέγειν
1077 2849 1213 2924 soleant,
1238 2849 1294 2908 sed
1319 2848 1381 2922 ipsi

154 2956 181 3024 C
204 2959 277 3020 Orci
300 2962 525 3023 territameuta
547 2966 690 3024 narrent.
716 2955 735 3046 ΙΙ
760 2963 872 3024 Herm.
905 2963 987 3024 Bait.
1017 2962 1242 3033 saltuosos)
1267 2960 1378 3037 (temp.

204 3089 281 3134 cum
314 3076 426 3150 paucis
459 3076 548 3137 codd.
584 3077 666 3147 (Par.
697 3077 736 3153 A,
760 3077 838 3138 Ven.
873 3078 893 3151 t,
926 3075 1009 3146 aliis)
1041 3075 1140 3136 verba
1168 3069 1190 3158 ᾧ
1216 3072 1256 3152 μὴ
1281 3074 1380 3154 βίοτος

203 3186 297 3259 πολὺς
328 3186 374 3261 εἴη
401 3190 591 3251 omiserunt.
619 3188 702 3250 Casu
727 3205 767 3250 ea
793 3189 941 3250 excidere
965 3189 1110 3264 potuisse
1134 3185 1251 3273 ἀκλήρῳ
1276 3182 1299 3271 ᾧ
1310 3233 1381 3247 .....

202 3299 249 3377 εἴη
279 3297 299 3378 d
331 3304 418 3363 reete
441 3303 587 3364 Schneid.
613 3303 749 3364 monuit.
773 3303 962 3364 Lectionem
986 3295 1105 3360 iraodc’
1133 3279 1298 3379 ἀνδρότητοι
1322 3303 1381 3375 (sic

202 3391 300 3476 Burs
319 3415 435 3498 Herm..
459 3416 525 3486 alii)
556 3432 613 3491 pro
637 3412 784 3493 ἁδροτῆτοι
811 3430 926 3476 omnes
949 3413 1094 3475 Platonis
1119 3416 1152 3475 et
1175 3414 1241 3476 fere
1266 3431 1380 3477 omnes

205 3529 340 3590 Homeri
363 3530 452 3591 codd.
478 3530 641 3591 exhibent.

37 3653 117 3711 387
154 3646 180 3714 0
248 3643 337 3704 Usus
369 3644 459 3704 verbi
490 3639 689 3721 ὀνομάζεσθαι
720 3660 747 3706 c.
780 3643 925 3719 geniti.
951 3658 979 3703 e.
1007 3643 1138 3719 „referri
1162 3643 1248 3704 inter
1269 3659 1379 3706 nume·

203 3757 299 3819 rum''
322 3758 412 3820 hisce
436 3759 597 3834 exemplis
620 3759 818 3820 illustretur:
843 3759 977 3818 lecerat.
1005 3758 1055 3818 18.
1081 3758 1123 3817 49
1148 3754 1247 3836 ilco-v
1267 3757 1381 3838 φυγόν-

201 3893 262 3931 των
285 3866 496 3949 ὀνομάζεσθαι,
518 3873 664 3947 Sophocl.
688 3872 723 3935 0.
745 3873 783 3934 R.
806 3872 892 3933 1042
915 3878 974 3929 τῶν
998 3871 1098 3930 Λαΐου
1123 3869 1222 3948 δήπου
1243 3895 1286 3943 τις
1306 3868 1380 3931 ὠνο-

202 3983 314 4061 μάζετο.
340 4019 381 4028 -
406 3986 610 4060 Optimorum
634 3987 723 4047 codd.
747 3987 821 4048 lect.
842 3983 882 4057 ὡς
902 3981 993 4042 οἴεται
1012 3999 1070 4057 pro
1091 3981 1130 4055 ὡς
1150 3977 1263 4046 οἷόντε
1283 3999 1379 4046 nemo

201 4099 272 4160 iure
295 4100 425 4175 recepit.
454 4099 488 4161 Si
511 4099 607 4173 vulgo
630 4104 782 4175 suscepta
805 4101 902 4163 lectio
926 4099 965 4175 ὡς
991 4096 1118 4180 οἷόντε,
1142 4116 1240 4176 quam
1265 4099 1377 4162 Herm.

202 4215 236 4274 et
260 4213 372 4275 Stallb.
397 4214 506 4285 (1858)
539 4213 767 4290 „languidam”
792 4215 910 4277 iniuria
933 4219 1101 4291 vocarunt,
1125 4230 1190 4275 non
1213 4227 1294 4273 sana
1318 4214 1378 4288 est,

204 4343 280 4388 cum
311 4329 352 4390 Μ.
377 4319 494 4389 Hertz⁰
518 4328 635 4399 OEleek.
659 4328 730 4389 Jbb.
757 4329 842 4390 1872
868 4330 917 4391 bd.
946 4332 1019 4399 105)
1043 4329 1142 4390 verba
1167 4323 1205 4398 ὡς
1229 4325 1319 4383 οἴεται
1342 4328 1380 4385 ut

203 4441 478 4502 exclamationem
514 4441 644 4502 lectoris
679 4441 876 4502 declarantis
910 4443 972 4516 ipsi
1006 4442 1062 4501 illa
1090 4440 1222 4501 nomina
1251 4439 1377 4499 nullum

146 4623 151 4633 ,
200 4555 358 4615 terrorem
388 4555 544 4631 incutere,
573 4556 708 4617 delenda
739 4557 843 4616 erunt.
877 4555 1027 4616 Virorum
1057 4555 1106 4614 dd.
1140 4553 1379 4614 coniecturisa

201 4667 332 4728 Baitero
355 4670 555 4729 enumeratis
577 4669 716 4731 accessit
739 4654 870 4743 Gampbi
893 4665 932 4739 ὡς
956 4665 1027 4726 ἐτεά.
1049 4665 1178 4726 ——Voc
1199 4663 1376 4746 θερμότεροι

1598 4635 1618 4670 9
