3417 5175
762 373 823 441 147

202 558 314 622 staria
336 557 460 639 (raas),
482 561 587 637 εοεαε,
608 546 685 623 σιω
705 561 849 635 primum
869 576 932 623 non
952 559 984 621 ιι
1005 561 1080 639 αμα
1092 554 1168 622 riva
1182 568 1233 625 εει
1248 539 1375 644 reama

200 695 228 732 σι
258 671 310 752 (cf.
342 675 376 734 in
405 673 426 751 ἕ
457 675 500 735 in.
532 668 574 733 δι’
601 671 764 754 ἀπρέπειαν
788 669 888 751 ὀκνῶ),
914 675 971 735 aad
994 672 1026 734 rb
1050 673 1131 735 δειλὰ
1154 670 1240 755 εἶναι,
1263 680 1377 741 deinde

201 803 258 861 per
287 784 507 849 ιε-καλ-καὶ
537 804 667 865 semper
694 788 932 863 coniunguntur
955 804 1007 849 res
1031 790 1177 851 eiusdem
1200 794 1339 868 generis,
1356 787 1376 863 ¹)

202 903 313 975 itaque
336 902 376 961 ob
398 902 480 963 duas
502 916 619 962 causas
644 902 719 979 δῆλα
739 902 817 961 hinc
841 901 984 961 alienum
1008 905 1067 963 est.
1093 904 1153 966 Pro
1178 902 1259 964 δειλδι
1279 906 1376 967 Bene·

148 1000 180 1065 l)
203 1015 309 1076 dictus
341 1015 437 1088 (prob.
469 1014 633 1075 Herwerd.
662 1014 725 1075 lin.
753 1014 849 1085 1891)
877 1014 947 1075 sine
970 1029 1070 1075 causa
1095 1016 1133 1076 ci.
1158 1016 1259 1077 δοῦλοί.
1284 1010 1304 1102 ΙΙ
1328 1020 1377 1080 Ad

205 1127 281 1205 δῆλα
303 1129 414 1188 mento
434 1126 546 1203 supple
566 1124 609 1186 ὅτι
628 1134 720 1185 ταῦτα
741 1125 834 1197 οὕτως
854 1123 918 1204 ἔχει.
938 1126 1013 1188 Mox
1032 1131 1119 1190 ratio
1138 1128 1277 1191 iioboius
1297 1146 1376 1193 corr.

153 1229 182 1294 Ε
204 1238 421 1319 ἀπαλλάξονται
441 1240 595 1317 probante
614 1240 754 1317 Baitero,
775 1240 814 1300 cf.
835 1240 869 1301 in
890 1237 909 1316 ἕ
931 1238 953 1299 0
975 1236 1194 1320 ἀπηλλαγμένοι
1213 1238 1252 1301 iv
1267 1236 1333 1303 εἷεν.
1353 1236 1374 1328 ΙΙ

203 1357 282 1416 Post
300 1355 407 1426 ζῶντες
429 1354 523 1431 pauci
547 1354 635 1415 codd.
660 1357 694 1414 et
717 1354 876 1415 Stobaeus
898 1354 1105 1417 tramittunt
1125 1356 1243 1417 Stallb⁰
1265 1356 1377 1438 (1829)

202 1471 367 1546 probante,
398 1469 591 1545 rectissime,
624 1470 687 1529 etsi
718 1470 799 1529 mihi
828 1470 939 1543 gravis
968 1471 1108 1545 suspicio
1139 1472 1251 1535 incidit
1281 1474 1379 1534 verba

203 1591 299 1661 ταφῆς
318 1580 402 1656 ἀξίας
420 1580 571 1661 μετέχουσι
591 1583 831 1658 interpolatoris
851 1598 934 1660 esse,
956 1586 1040 1657 quod
1059 1585 1231 1649 Glauconis
1251 1603 1377 1663 respon·

202 1713 278 1758 sum
307 1695 358 1755 καὶ
388 1695 467 1772 μάλα
498 1694 573 1755 καλὰ
604 1694 661 1774 (sc.
693 1693 775 1776 γέρα)
806 1698 1043 1769 quodammodo
1075 1698 1267 1763 confirmare
1298 1703 1379 1763 mihi

204 1812 341 1871 videtur.
364 1810 436 1871 Vox
455 1806 541 1889 μέρος
561 1810 633 1870 coll.
654 1810 718 1870 414
731 1812 770 1887 Α,
792 1811 888 1885 Legg.
910 1812 1012 1871 atra
1032 1814 1132 1873 etiam
1153 1816 1192 1875 de
1212 1816 1379 1890 sepultura

204 1924 342 1986 solemni
364 1925 549 1998 usurpatur.

54 2033 123 2091 466
151 2026 181 2092 A
249 2039 306 2097 V⁸⁸
337 2039 398 2097 LL
428 2042 565 2115 ποιοῖμεν
596 2070 637 2077 -
662 2035 849 2112 σκεψοίμεθα
873 2069 906 2077 -
940 2041 1076 2113 ποιοῖμεν
1099 2040 1274 2115 probarunt
1296 2043 1377 2105 Bkk.

205 2152 332 2225 Madvig
354 2152 463 2211 Baiter
491 2150 634 2226 campa,
661 2151 853 2211 rectissime.
884 2150 957 2211 Mox
978 2151 1181 2227 Hirschigius
1201 2151 1261 2231 (ed.
1283 2156 1376 2231 Gorg.

207 2265 304 2344 1873)
332 2268 402 2327 iure
434 2267 574 2327 correxit
606 2266 636 2325 oi
666 2263 732 2338 ἕξων
754 2282 812 2341 pro
835 2258 880 2337 οίς
904 2263 981 2345 ἕξων,
1005 2269 1191 2329 attractioni
1215 2270 1302 2331 enim
1326 2272 1378 2331 hic

204 2379 313 2441 nullus
332 2381 433 2441 locus.
456 2382 494 2440 in
518 2380 613 2451 §ult
638 2380 863 2455 corrigendum
887 2396 1002 2441 censeo
1025 2380 1102 2443 πολὺ
1126 2382 1255 2443 καλλίων
1277 2405 1306 2445 ιε
1329 2380 1379 2444 καὶ

153 2491 182 2555 Β
207 2490 344 2571 ἀμείνων.
376 2485 396 2577 Η
428 2496 488 2555 Ρ10
516 2490 565 2553 διὰ
588 2493 718 2570 δύναμιν
740 2494 921 2582 Madvigius
945 2494 983 2555 oi.
1009 2494 1160 2573 διαδῦναι,
1182 2497 1278 2573 mala,
1303 2513 1377 2558 olim

205 2608 385 2669 διαδύεσθαι
418 2609 484 2670 fere
518 2607 678 2683 significet
715 2609 820 2685 „clam
854 2625 891 2669 se
925 2610 1124 2671 subducere’'
1160 2607 1212 2688 (ci.
1248 2628 1299 2674 ex.
1329 2627 1377 2686 gr.

205 2723 314 2798 Lysid.
346 2723 452 2784 aior)
476 2721 672 2782 διολισθαίνει
694 2719 745 2781 καὶ
769 2722 922 2784 διαδύεται
945 2718 1219 2800 ἡμᾶς,1)911108111.
1244 2726 1284 2785 (io
1308 2705 1376 2787 (ior.

205 2836 225 2914 5
252 2839 324 2914 138,
349 2835 424 2914 alia)
448 2853 508 2898 nec
528 2839 661 2910 vulgata
680 2838 846 2913 mendosa,
867 2853 945 2897 nam
965 2838 1101 2909 quisque
1121 2836 1218 2913 φύλαξ
1238 2839 1377 2911 quadam

205 2950 331 3027 δυνάμει
354 2951 519 3024 praeditus
541 2952 602 3026 est,
626 2950 742 3023 quasi
766 2950 911 3011 abutitur
935 2947 987 3027 (ci.
1013 2952 1077 3011 434
1090 2948 1128 3027 B)
1152 2952 1321 3012 civitatem
1344 2953 1378 3013 in

204 3063 383 3138 periculum
406 3062 546 3124 adducit.
570 3061 629 3121 Διὰ
653 3062 783 3141 δύναμιν
806 3063 916 3136 itaque
936 3063 1097 3136 significat
1120 3063 1179 3138 „ob
1199 3065 1378 3137 potentiam

157 3176 182 3243 C
204 3194 231 3238 s,
252 3178 396 3251 potentia
415 3193 475 3238 sua
495 3179 630 3238 fretus.”
652 3167 671 3259 ΙΙ
692 3176 785 3236 Astio
804 3171 855 3234 καὶ
874 3177 949 3235 ante
970 3174 1087 3235 παίδων
1108 3176 1228 3236 delenti
1247 3193 1378 3251 prorsus

204 3293 364 3353 assentior
376 3308 416 3352 ne
428 3293 597 3352 Platonem
609 3290 822 3364 ineptiantem
835 3290 1005 3350 faciamus.
1020 3289 1115 3364 Fugit
1127 3290 1215 3350 enim
1228 3291 1378 3369 editores,

204 3406 233 3467 si
255 3402 305 3464 καλ
327 3408 486 3482 servetur,
505 3407 578 3466 tom
597 3400 665 3483 πέρι
683 3403 868 3464 necessario
889 3399 978 3479 (nam
998 3423 1027 3461 ιε
1047 3398 1113 3482 πέρι
1125 3400 1231 3462 -ιιαί
1251 3419 1379 3482 semper

204 3521 293 3581 valet
322 3521 409 3581 idem
440 3536 478 3582 ac
508 3517 577 3598 περί
604 3539 634 3578 ιε
647 3514 752 3576 -παλ
775 3514 855 3594 περί)
880 3516 980 3576 etiam
1004 3516 1045 3576 ad
1068 3515 1185 3575 παίδων
1208 3519 1378 3596 pertinere,

204 3636 313 3708 itaque
345 3634 513 3695 Platonem
536 3633 698 3694 dicentem
721 3631 837 3692 fecisse
861 3628 1022 3689 κοινωνίαν
1046 3630 1244 3693 intercedere
1267 3633 1378 3694 mulie-

204 3748 293 3808 ribus
316 3763 392 3808 cum
411 3747 491 3808 viris
509 3743 577 3825 περὶ
595 3753 648 3806 τοῦ
668 3745 832 3820 παιδεύειν,
850 3750 903 3804 τοῦ
921 3742 1121 3821 παιδοποιεῖν,
1139 3751 1192 3805 σοῦ
1214 3744 1381 3824 φυλάττειν,

204 3861 297 3934 quasi
316 3876 461 3934 unquam
480 3859 584 3930 παῖδες
604 3859 691 3934 gigni
710 3858 837 3932 possint
857 3858 926 3918 sine
942 3857 1089 3918 mulieris
1101 3860 1134 3919 et
1148 3859 1208 3919 viri
1219 3858 1378 3941 κοινωνία)

208 3976 345 4038 Prorsus
375 3975 508 4036 ridicule
538 3974 705 4047 praeterea
734 3973 808 4045 post
829 3967 897 4049 περὶ
919 3969 1055 4042 παιδείας
1079 3974 1259 4044 sequuntur
1282 3973 1380 4033 verba

205 4085 272 4168 περὶ
300 4088 429 4166 παίδων,
458 4089 616 4161 tanquam
646 4085 764 4158 aliquis
787 4085 826 4144 de
849 4085 1039 4145 educatione
1062 4084 1151 4158 prius
1180 4085 1379 4145 mentionem

200 4201 351 4278 ⁵facturus
381 4203 426 4262 sit
449 4201 609 4275 quamde
632 4199 862 4274 procreatione.
887 4199 1056 4259 Postremo
1082 4197 1179 4257 verba
1201 4204 1260 4256 σῶν
1283 4193 1380 4260 ἄλλων

205 4319 353 4388 (πολιτῶν)
385 4317 433 4377 sic
463 4317 596 4377 demum
627 4314 776 4375 idoneam
808 4312 1058 4387 explicationem
1089 4311 1335 4373 nanciscuntur:
1360 4307 1379 4390 ν)

204 4429 321 4492 παίδων
350 4431 438 4492 onim
470 4428 590 4489 παιδεία
621 4443 696 4504 pars
727 4428 779 4489 ost
801 4434 852 4506 τῆς
876 4434 934 4486 τῶν
958 4428 1085 4484 πολιτῶν
1109 4427 1253 4503 φυλακῆς.
1277 4425 1381 4487 Locus

239 4674 258 4736 ι)
275 4677 315 4726 cf.
332 4691 356 4724 v.
375 4689 396 4724 ο.
416 4678 493 4737 Hipp.
511 4676 573 4735 ilaj,
591 4677 638 4722 991
654 4675 684 4733 Ε,
702 4676 750 4722 914
765 4674 786 4722 (l
802 4675 829 4720 et
846 4685 914 4732 quae
933 4673 1051 4732 exempla
1069 4671 1102 4720 ad
1120 4671 1168 4718 aaa
1183 4673 1205 4718 A
1222 4672 1373 4732 collegimus
