3417 5175
768 409 809 469 89

197 600 384 674 intelligunt
404 614 479 660 cum
500 598 611 660 Proclo
631 601 664 659 et
685 598 862 660 scholiasta
881 599 1058 677 Platonico,
1079 602 1162 675 quod
1183 616 1279 661 secus
1299 617 1371 661 esse

197 714 300 788 ipsius
331 713 476 773 Platonis
507 712 606 773 verba
629 710 695 771 ἴσον
719 707 782 771 ἅνω
805 709 856 771 καὶ
879 710 957 772 κάτω
980 710 1113 785 τνθέντος
1138 713 1371 776 demonstrant.

200 825 414 913 cogitandum
435 826 487 886 est
505 826 544 886 de
560 826 746 901 anapaesto,
767 825 822 899 qui
841 826 962 899 dactyli
982 827 1163 887 contrarius
1179 832 1229 898 (ν
1240 851 1273 871 ν
1287 830 1375 889 —et

201 977 241 986 -
259 966 292 985 υ
305 945 354 1012 ν)
375 941 435 1001 est.
455 938 598 1000 Delenda
617 940 694 999 suut
711 938 868 1000 vocabula
887 938 1032 1011 ξύνθετον
1052 937 1102 999 καλ
1122 940 1278 1019 δάκτυλον,
1293 957 1374 1016 quae

200 1074 217 1117 e
247 1072 313 1130 mg.
345 1055 544 1130 irrepserunt
574 1054 608 1113 in
637 1055 778 1114 textum.
812 1053 901 1130 Quod
932 1053 1065 1115 Proclus
1094 1054 1151 1117 illa
1180 1057 1277 1117 verba
1307 1057 1374 1117 iam

200 1170 288 1245 legit,
320 1170 359 1230 id·
380 1168 460 1227 nihil
484 1183 558 1229 meo
580 1167 697 1228 iudicio
719 1169 928 1229 adversatur:
953 1167 1019 1228 iam
1044 1168 1098 1228 diu
1125 1164 1200 1229 ante
1225 1171 1374 1231 Proetum

199 1286 312 1347 textus
342 1282 528 1344 Platonicus
558 1283 716 1358 plurimas
746 1282 836 1343 labes
867 1284 1083 1359 contraxerat,
1116 1285 1153 1344 ut
1176 1284 1318 1345 vidimus
1342 1287 1375 1343 in

199 1400 310 1461 3591)
339 1399 379 1459 ad
405 1398 502 1459 verba
525 1407 564 1479 τῷ
588 1396 672 1481 Γύγῃ
694 1400 752 1455 κτλ.
776 1397 894 1458 'Potum
920 1398 1005 1458 hunc
1028 1396 1136 1458 locum
1161 1398 1208 1459 sic
1237 1398 1374 1458 scriben-

198 1514 275 1573 dum
308 1507 712 1587 ὶλλᾱίοοε....ὀνομάζοντος
745 1508 838 1570 αὐτοῦ
870 1507 920 1587 καὶ
943 1505 1042 1593 ἡρῷόν
1065 1532 1107 1591 γε,
1129 1509 1185 1571 οὐκ
1209 1504 1276 1570 οἶδα
1286 1555 1374 1576 ......

198 1623 342 1703 τιθέντος,
377 1622 497 1693 <καὶ>
533 1623 573 1696 εἰς
608 1623 703 1703 βραχύ
737 1645 764 1683 τι
786 1621 837 1682 καὶ
872 1622 987 1702 μακρὸν
1021 1623 1197 1704 γιγνόμενον
1230 1620 1301 1696 [καὶ]
1336 1620 1375 1695 ὡς

200 1736 311 1825 ἐγῷμαι
344 1744 403 1799 κτλ.
439 1740 609 1801 Postrema
640 1740 739 1800 verba
767 1740 908 1801 tortasse
938 1740 985 1801 sic
1017 1740 1201 1801 scribenda:
1234 1736 1377 1817 τιθέντος,

204 1852 326 1927 <καὶ>
361 1851 393 1913 έκ
407 1847 428 1924 ¹)
459 1849 592 1933 βραχέων
623 1874 653 1912 τε
684 1849 735 1912 καὶ
765 1860 887 1931 μακρῶν
916 1851 1093 1933 γιγνόμενον
1123 1856 1180 1912 κτλ.
1212 1854 1281 1913 Non
1312 1854 1377 1914 tria

204 1969 432 2043 rhythmorum
462 1982 581 2041 genera
611 1966 704 2027 Plato
735 1967 877 2044 respicit,
909 1968 965 2027 sed
997 1967 1118 2040 aliquot
1148 1965 1375 2027 tantummodo

201 2083 388 2145 enumerat:
413 2083 637 2157 anapaestum,
658 2081 825 2155 dactylum
846 2077 977 2165 (ἡρῷον),
998 2082 1154 2157 iambum,
1175 2082 1374 2141 trochaeum.

199 2198 305 2258 Verba
338 2184 389 2254 καὶ
422 2194 463 2267 εἰς
494 2195 588 2274 βραχύ
619 2216 645 2253 τι
675 2191 726 2253 καὶ
757 2192 871 2273 μακρὸν
902 2193 1142 2275 γιγνόμενον...
1174 2192 1283 2272 ἴαμβον
1318 2198 1374 2265 (sc,

201 2306 409 2387 ὀνομάζοντος)
443 2296 538 2383 plane
581 2323 655 2369 cum
691 2306 819 2369 Horatii
852 2309 937 2370 dicto
975 2307 1121 2384 ,syllaba
1157 2307 1252 2382 longa
1286 2307 1375 2368 brevi

204 2424 350 2485 subiecta
373 2423 508 2483 vocatur
529 2421 679 2482 iambue”
704 2424 894 2496 congruunt.
919 2422 1102 2484 Trochaeus
1125 2422 1306 2483 contrarius
1325 2413 1391 2483 est

203 2537 303 2600 iambi
334 2541 387 2610 (-
405 2561 439 2581 ν
475 2539 509 2598 ολ
544 2561 577 2581 ν
596 2539 658 2614 -λ,
687 2537 728 2596 ut
754 2536 898 2598 Platonis
922 2536 1020 2598 verba
1044 2537 1209 2598 declarant
1232 2534 1311 2614 μήκη
1337 2532 1376 2596 δὲ

155 2653 233 2725 Gli.
258 2669 286 2713 e.
315 2668 333 2712 e
357 2653 527 2737 contrario)
556 2649 814 2734 κο1ιβραχύτητας
837 2658 996 2729 προσῆπτε.
1021 2643 1041 2734 ΙΙ
1065 2652 1144 2712 Post
1166 2649 1282 2732 ἀγωγὰς
1306 2652 1376 2712 dele

203 2782 272 2828 voc.
303 2773 357 2826 τοῦ
380 2764 482 2842 ποδός,
505 2781 580 2826 cum
609 2781 658 2841 ap.
683 2765 852 2826 Platonem
875 2763 953 2836 τοὺς
977 2766 1011 2824 et
1033 2763 1150 2844 ῥυθμὸς
1174 2780 1237 2825 non
1261 2766 1376 2827 discre-

202 2883 288 2954 pent.
320 2881 400 2941 Dein
431 2880 553 2954 corrige
584 2881 642 2941 aut
671 2875 771 2958 ἢ[τοι]
804 2878 909 2954 ξονομ.
936 2900 963 2937 τι
995 2881 1052 2939 aut
1087 2895 1113 2940 ο.
1141 2878 1231 2940 Vind.
1259 2881 1287 2938 Φ
1309 2877 1329 2958 ἥ
1351 2903 1377 2940 τι

201 2995 307 3072 ξοναμ.
344 2997 411 3070 [τι];
448 2995 511 3056 vid.
544 2995 630 3055 dicta
661 2995 701 3055 ad
733 2994 797 3054 344
817 2992 851 3053 ll.
878 3025 918 3035 -
944 2991 1049 3053 Verba
1079 2989 1128 3051 καὶ
1159 2992 1271 3051 τούτων
1301 2990 1377 3052 τισὶν

202 3101 284 3185 οἶμοι
318 3106 369 3181 τὰς
404 3105 449 3188 dy.
484 3112 533 3167 κτλ
565 3109 781 3169 Herwerdcno
814 3107 887 3178 (lin.
922 3106 1017 3175 1883)
1052 3106 1194 3180 graviter
1229 3103 1378 3182 corrupta

203 3223 362 3300 videntur,
395 3223 558 3284 medelam
588 3224 699 3283 autem
732 3236 795 3281 non
827 3221 983 3296 repperit;
1016 3235 1074 3294 ego
1106 3221 1217 3281 autem
1248 3222 1378 3281 textum

203 3337 416 3397 sanissimum
448 3337 539 3398 duco.
563 3336 692 3411 Optime
714 3336 825 3396 Baiter
848 3351 875 3396 c.
900 3335 967 3396 cod.
994 3333 1219 3395 Malatestiano
1244 3335 1379 3408 requirit

203 3447 253 3509 καὶ
287 3448 390 3525 <τὸ>
425 3447 612 3530 ἀνάρμοστον
643 3445 792 3527 ὡσαύτως,
822 3449 887 3510 vid.
920 3448 1006 3509 dicta
1033 3448 1073 3508 ad
1098 3450 1162 3510 334
1175 3448 1210 3510 Ε.
1235 3449 1284 3509 Ad
1308 3464 1377 3509 con·

204 3563 417 3625 structionem
442 3553 614 3625 verborum
635 3570 728 3622 ταῦτα
747 3558 970 3640 ἀκολουθητέον
990 3566 1058 3638 (pro
1078 3569 1170 3621 ταῦτα
1190 3562 1239 3621 δεῖ
1255 3559 1379 3622 ἀκολου-

204 3681 282 3747 θεῖν)
307 3677 346 3738 cf.
370 3677 473 3737 403Β
498 3675 533 3737 οὐ
556 3672 749 3755 προσοιστέον
773 3672 831 3754 ἄρα
850 3674 926 3759 αὕτη
947 3671 965 3753 ἡ
989 3671 1096 3753 ἡδονή,
1115 3676 1255 3751 Sophist.
1277 3677 1379 3736 223ss

153 3797 182 3863 Ε
204 3791 287 3870 θήρα
310 3787 492 3870 προσρητέον
511 3794 568 3850 κτλ.
594 3783 613 3875 ΙΙ
637 3790 906 3865 Insequentibus
928 3786 966 3861 ὡς
987 3791 1063 3851 ante
1083 3787 1227 3867 εὐήθειαν
1247 3805 1380 3866 prorsus

204 3905 358 3965 vitiosum
391 3907 452 3981 est,
483 3905 695 3980 quamobrem
728 3903 867 3965 Oohetus
899 3903 984 3975 (Var.
1016 3904 1126 3965 Ιιοολ.ΙΙ
1149 3905 1182 3965 et
1204 3903 1267 3964 lin.
1295 3903 1379 3962 1885

202 4034 232 4093 p.
265 4020 341 4090 251)
373 4019 412 4080 ci.
443 4022 592 4096 καλοῦμεν
623 4025 682 4077 νῦν
714 4022 780 4093 (pro
813 4014 864 4089 ὡς)
889 4015 1043 4098 εὐήθειαν,
1065 4018 1149 4091 quod
1173 4018 1259 4079 recte
1283 4031 1380 4076 nemo

203 4133 339 4209 recepit;
372 4134 486 4208 postea
515 4132 637 4193 Baiteri
669 4135 729 4192 cim
762 4129 823 4204 [ὡς]
849 4130 994 4210 εὐήθειαν
1018 4136 1113 4203 (unus
1138 4131 1205 4191 cod.
1231 4125 1271 4200 ὡς
1295 4129 1381 4188 inter

203 4261 318 4308 versus
337 4246 445 4316 hahet)
464 4246 549 4306 idem
573 4245 607 4306 in
629 4245 692 4306 Mn.
715 4245 799 4306 1878
812 4249 890 4305 recte
901 4245 1049 4319 probarit
1062 4244 1132 4305 coll.
1147 4243 1267 4304 Galeno
1283 4242 1332 4302 18.
1348 4243 1377 4302 2.

202 4375 232 4434 p.
266 4360 329 4420 237
365 4356 614 4437 ὑποκοριζόμενος
650 4355 705 4434 τὴν
735 4354 924 4436 καλουμένην
956 4355 1108 4435 εὐήθειαν.
1143 4334 1380 4416 Herwerdenus

238 4641 257 4709 ¹)
271 4646 412 4704 Postquam
427 4647 452 4692 λα
465 4646 492 4692 in
507 4648 538 4700 εἰς
552 4649 578 4693 et
592 4652 687 4710 μακρῶν
701 4645 728 4691 in
741 4645 832 4710 μακρὸν
850 4645 957 4702 abierat,
973 4643 1102 4691 corrector
1119 4642 1212 4702 aliquis
1227 4656 1258 4690 ox
1271 4641 1379 4708 βραχέων

204 4725 266 4771 fecit
281 4728 367 4790 βραχύ.
385 4724 476 4784 Itaque
494 4725 600 4773 minime
619 4723 702 4771 audax
719 4724 783 4771 haec
802 4725 949 4771 coniectura
967 4721 1080 4770 vocanda
1098 4725 1145 4769 est.
