<?xml version="1.0" encoding="UTF-8"?>
<!DOCTYPE html PUBLIC "-//W3C//DTD XHTML 1.0 Transitional//EN"
    "http://www.w3.org/TR/xhtml1/DTD/xhtml1-transitional.dtd">
<html xmlns="http://www.w3.org/1999/xhtml" xml:lang="en" lang="en">
 <head>
  <title>
</title>
<meta http-equiv="Content-Type" content="text/html;charset=utf-8" />
  <meta name='ocr-system' content='tesseract 3.04.00' />
  <meta name='ocr-capabilities' content='ocr_page ocr_carea ocr_par ocr_line ocrx_word'/>
</head>
<body>
  <div class='ocr_page' id='page_1' title='image "./notaecriticaead02hartgoog_0161.png"; bbox 0 0 3417 5175; ppageno 0'>
   <div class='ocr_carea' id='block_1_1' title="bbox 738 406 798 465">
    <p class='ocr_par' dir='ltr' id='par_1_1' title="bbox 738 406 798 465">
     <span class='ocr_line' id='line_1_1' title="bbox 738 406 798 465; baseline 0.017 -1"><span class='ocrx_word' id='word_1_1' title='bbox 738 406 798 465; x_wconf 83' lang='lat'><strong>141</strong></span> 
     </span>
    </p>
   </div>
   <div class='ocr_carea' id='block_1_2' title="bbox 31 588 1471 4311">
    <p class='ocr_par' dir='ltr' id='par_1_2' title="bbox 31 588 1471 4311">
     <span class='ocr_line' id='line_1_2' title="bbox 173 588 1350 667; baseline 0.001 -17"><span class='ocrx_word' id='word_1_2' title='bbox 173 606 287 663; x_wconf 85' lang='lat' dir='ltr'><strong>gressa</strong></span> <span class='ocrx_word' id='word_1_3' title='bbox 310 591 550 666; x_wconf 77' lang='lat' dir='ltr'><strong>comparatione</strong></span> <span class='ocrx_word' id='word_1_4' title='bbox 575 588 619 667; x_wconf 90' lang='lat' dir='ltr'><strong>(in</strong></span> <span class='ocrx_word' id='word_1_5' title='bbox 643 591 661 660; x_wconf 66' lang='lat'>5</span> <span class='ocrx_word' id='word_1_6' title='bbox 684 591 723 661; x_wconf 84' lang='lat' dir='ltr'><strong>A)</strong></span> <span class='ocrx_word' id='word_1_7' title='bbox 747 591 911 652; x_wconf 80' lang='lat' dir='ltr'><strong>adhibitis,</strong></span> <span class='ocrx_word' id='word_1_8' title='bbox 937 591 1094 651; x_wconf 80' lang='lat' dir='ltr'><strong>Similiter</strong></span> <span class='ocrx_word' id='word_1_9' title='bbox 1118 598 1150 650; x_wconf 89' lang='lat' dir='ltr'><strong>ln</strong></span> <span class='ocrx_word' id='word_1_10' title='bbox 1175 592 1350 651; x_wconf 79' lang='lat'><strong>47213111.</strong></span> 
     </span>
     <span class='ocr_line' id='line_1_3' title="bbox 173 700 1353 787; baseline 0.001 -26"><span class='ocrx_word' id='word_1_11' title='bbox 173 711 217 786; x_wconf 71' lang='grc' dir='ltr'><strong>κῇ</strong></span> <span class='ocrx_word' id='word_1_12' title='bbox 241 700 354 780; x_wconf 78' lang='grc' dir='ltr'><strong><em>δυνατὴ</em></strong></span> <span class='ocrx_word' id='word_1_13' title='bbox 377 701 532 783; x_wconf 74' lang='grc' dir='ltr'><strong><em>γίγνεσθαι</em></strong></span> <span class='ocrx_word' id='word_1_14' title='bbox 557 704 705 765; x_wconf 79' lang='lat' dir='ltr'><strong>Socrates</strong></span> <span class='ocrx_word' id='word_1_15' title='bbox 728 705 821 780; x_wconf 76' lang='lat' dir='ltr'><strong>dixit,</strong></span> <span class='ocrx_word' id='word_1_16' title='bbox 845 706 901 765; x_wconf 91' lang='lat' dir='ltr'><strong>ubi</strong></span> <span class='ocrx_word' id='word_1_17' title='bbox 926 707 1176 780; x_wconf 82' lang='lat' dir='ltr'>exspectaveras</span> <span class='ocrx_word' id='word_1_18' title='bbox 1197 703 1224 764; x_wconf 83' lang='grc' dir='ltr'><strong>εἰ</strong></span> <span class='ocrx_word' id='word_1_19' title='bbox 1242 702 1292 764; x_wconf 78' lang='grc' dir='ltr'><strong><em>καὶ</em></strong></span> <span class='ocrx_word' id='word_1_20' title='bbox 1311 713 1353 787; x_wconf 71' lang='grc' dir='ltr'><strong><em>τῇ</em></strong></span> 
     </span>
     <span class='ocr_line' id='line_1_4' title="bbox 175 813 1352 896; baseline 0.003 -22"><span class='ocrx_word' id='word_1_21' title='bbox 175 813 289 893; x_wconf 78' lang='grc' dir='ltr'><strong><em>δυνατὴ</em></strong></span> <span class='ocrx_word' id='word_1_22' title='bbox 312 815 476 896; x_wconf 71' lang='grc' dir='ltr'><strong><em>γνμνεοθαι.</em></strong></span> <span class='ocrx_word' id='word_1_23' title='bbox 500 818 595 879; x_wconf 84' lang='lat' dir='ltr'><strong>Falso</strong></span> <span class='ocrx_word' id='word_1_24' title='bbox 619 815 670 892; x_wconf 82' lang='lat' dir='ltr'><strong>lei.</strong></span> <span class='ocrx_word' id='word_1_25' title='bbox 697 819 785 879; x_wconf 91' lang='lat' dir='ltr'><strong>enim</strong></span> <span class='ocrx_word' id='word_1_26' title='bbox 810 820 873 879; x_wconf 78' lang='grc'><strong>471</strong></span> <span class='ocrx_word' id='word_1_27' title='bbox 900 818 932 880; x_wconf 82' lang='grc'><strong>0.</strong></span> <span class='ocrx_word' id='word_1_28' title='bbox 953 819 978 878; x_wconf 84' lang='grc' dir='ltr'>Ε</span> <span class='ocrx_word' id='word_1_29' title='bbox 999 820 1068 890; x_wconf 87' lang='lat' dir='ltr'><strong>ult.)</strong></span> <span class='ocrx_word' id='word_1_30' title='bbox 1091 818 1264 880; x_wconf 83' lang='lat' dir='ltr'>Schneider</span> <span class='ocrx_word' id='word_1_31' title='bbox 1283 832 1352 879; x_wconf 88' lang='lat' dir='ltr'><strong>oon·</strong></span> 
     </span>
     <span class='ocr_line' id='line_1_5' title="bbox 174 930 1471 1005; baseline 0.001 -15"><span class='ocrx_word' id='word_1_32' title='bbox 174 930 280 990; x_wconf 87' lang='lat' dir='ltr'><strong>tendit</strong></span> <span class='ocrx_word' id='word_1_33' title='bbox 309 946 404 1005; x_wconf 89' lang='lat' dir='ltr'><strong>posse</strong></span> <span class='ocrx_word' id='word_1_34' title='bbox 428 931 548 1004; x_wconf 88' lang='lat' dir='ltr'><strong>aliquid</strong></span> <span class='ocrx_word' id='word_1_35' title='bbox 571 931 641 992; x_wconf 90' lang='lat' dir='ltr'><strong>fleri</strong></span> <span class='ocrx_word' id='word_1_36' title='bbox 664 933 751 992; x_wconf 92' lang='lat' dir='ltr'>haud</span> <span class='ocrx_word' id='word_1_37' title='bbox 775 932 870 993; x_wconf 90' lang='lat' dir='ltr'><strong>aliter</strong></span> <span class='ocrx_word' id='word_1_38' title='bbox 892 932 1109 993; x_wconf 88' lang='lat' dir='ltr'><strong>demonstrari</strong></span> <span class='ocrx_word' id='word_1_39' title='bbox 1132 932 1196 993; x_wconf 89' lang='lat' dir='ltr'><strong>nisi</strong></span> <span class='ocrx_word' id='word_1_40' title='bbox 1218 933 1352 993; x_wconf 86' lang='lat' dir='ltr'><strong>modum</strong></span> <span class='ocrx_word' id='word_1_41' title='bbox 1468 934 1471 939; x_wconf 85' lang='lat'>&#39;</span> 
     </span>
     <span class='ocr_line' id='line_1_6' title="bbox 175 1039 1354 1124; baseline 0 -21"><span class='ocrx_word' id='word_1_42' title='bbox 175 1059 238 1117; x_wconf 90' lang='lat' dir='ltr'><strong>quo</strong></span> <span class='ocrx_word' id='word_1_43' title='bbox 268 1043 338 1104; x_wconf 87' lang='lat' dir='ltr'><strong>fleri</strong></span> <span class='ocrx_word' id='word_1_44' title='bbox 368 1044 471 1119; x_wconf 90' lang='lat' dir='ltr'><strong>possit</strong></span> <span class='ocrx_word' id='word_1_45' title='bbox 501 1046 708 1106; x_wconf 88' lang='lat' dir='ltr'><strong>ostendendo.</strong></span> <span class='ocrx_word' id='word_1_46' title='bbox 739 1080 780 1089; x_wconf 95' lang='lat'>-</span> <span class='ocrx_word' id='word_1_47' title='bbox 804 1046 853 1106; x_wconf 84' lang='lat' dir='ltr'><strong>Ad</strong></span> <span class='ocrx_word' id='word_1_48' title='bbox 878 1043 921 1105; x_wconf 81' lang='grc' dir='ltr'><strong><em>ὅτι</em></strong></span> <span class='ocrx_word' id='word_1_49' title='bbox 944 1044 1065 1105; x_wconf 78' lang='grc' dir='ltr'><strong><em>πάντων</em></strong></span> <span class='ocrx_word' id='word_1_50' title='bbox 1089 1039 1288 1124; x_wconf 68' lang='grc' dir='ltr'><strong><em>ξνμφορώτατ</em></strong></span> <span class='ocrx_word' id='word_1_51' title='bbox 1316 1040 1354 1103; x_wconf 78' lang='grc' dir='ltr'><strong>ἂν</strong></span> 
     </span>
     <span class='ocr_line' id='line_1_7' title="bbox 174 1153 1354 1235; baseline 0.003 -20"><span class='ocrx_word' id='word_1_52' title='bbox 174 1161 224 1215; x_wconf 88' lang='grc' dir='ltr'><strong>κτ1</strong></span> <span class='ocrx_word' id='word_1_53' title='bbox 256 1173 274 1216; x_wconf 92' lang='lat' dir='ltr'><strong>e</strong></span> <span class='ocrx_word' id='word_1_54' title='bbox 302 1153 450 1235; x_wconf 80' lang='grc' dir='ltr'><strong><em>σκέψομαι</em></strong></span> <span class='ocrx_word' id='word_1_55' title='bbox 474 1159 583 1219; x_wconf 90' lang='lat' dir='ltr'><strong>mente</strong></span> <span class='ocrx_word' id='word_1_56' title='bbox 608 1158 720 1234; x_wconf 85' lang='lat' dir='ltr'>supple</span> <span class='ocrx_word' id='word_1_57' title='bbox 745 1156 912 1235; x_wconf 76' lang='grc' dir='ltr'><strong><em>ἐνδείξομαι</em></strong></span> <span class='ocrx_word' id='word_1_58' title='bbox 936 1159 988 1219; x_wconf 92' lang='lat' dir='ltr'><strong>vel</strong></span> <span class='ocrx_word' id='word_1_59' title='bbox 1011 1158 1119 1219; x_wconf 90' lang='lat' dir='ltr'><strong>simile</strong></span> <span class='ocrx_word' id='word_1_60' title='bbox 1144 1159 1229 1232; x_wconf 85' lang='lat' dir='ltr'><strong>quid.</strong></span> <span class='ocrx_word' id='word_1_61' title='bbox 1254 1159 1354 1219; x_wconf 91' lang='lat' dir='ltr'><strong>Parti·</strong></span> 
     </span>
     <span class='ocr_line' id='line_1_8' title="bbox 175 1270 1352 1355; baseline 0 -24"><span class='ocrx_word' id='word_1_62' title='bbox 175 1270 284 1332; x_wconf 87' lang='lat' dir='ltr'><strong>eniam</strong></span> <span class='ocrx_word' id='word_1_63' title='bbox 308 1293 337 1330; x_wconf 85' lang='grc' dir='ltr'><strong><em>τε</em></strong></span> <span class='ocrx_word' id='word_1_64' title='bbox 359 1273 433 1346; x_wconf 89' lang='lat' dir='ltr'><strong>poet</strong></span> <span class='ocrx_word' id='word_1_65' title='bbox 456 1280 491 1355; x_wconf 72' lang='grc' dir='ltr'><strong><em>τῇ</em></strong></span> <span class='ocrx_word' id='word_1_66' title='bbox 514 1288 589 1332; x_wconf 89' lang='lat' dir='ltr'><strong>oum</strong></span> <span class='ocrx_word' id='word_1_67' title='bbox 613 1273 690 1333; x_wconf 90' lang='lat' dir='ltr'><strong>Par⁰</strong></span> <span class='ocrx_word' id='word_1_68' title='bbox 714 1274 742 1333; x_wconf 81' lang='lat' dir='ltr'><strong>A</strong></span> <span class='ocrx_word' id='word_1_69' title='bbox 768 1274 950 1334; x_wconf 91' lang='lat' dir='ltr'><strong>omiserunt</strong></span> <span class='ocrx_word' id='word_1_70' title='bbox 971 1274 1081 1334; x_wconf 72' lang='lat' dir='ltr'><strong>Herm,</strong></span> <span class='ocrx_word' id='word_1_71' title='bbox 1105 1272 1188 1333; x_wconf 84' lang='lat' dir='ltr'><strong>Bait.</strong></span> <span class='ocrx_word' id='word_1_72' title='bbox 1210 1271 1352 1348; x_wconf 72' lang='lat' dir='ltr'><strong>eampo,</strong></span> 
     </span>
     <span class='ocr_line' id='line_1_9' title="bbox 175 1383 1356 1462; baseline -0.001 -18"><span class='ocrx_word' id='word_1_73' title='bbox 175 1386 211 1445; x_wconf 89' lang='lat' dir='ltr'><strong>at</strong></span> <span class='ocrx_word' id='word_1_74' title='bbox 240 1386 417 1458; x_wconf 83' lang='lat' dir='ltr'><strong>utcumque</strong></span> <span class='ocrx_word' id='word_1_75' title='bbox 448 1384 565 1458; x_wconf 79' lang='lat' dir='ltr'><strong>legitur</strong></span> <span class='ocrx_word' id='word_1_76' title='bbox 597 1386 726 1447; x_wconf 86' lang='lat' dir='ltr'><strong>insolite</strong></span> <span class='ocrx_word' id='word_1_77' title='bbox 759 1384 841 1462; x_wconf 83' lang='lat' dir='ltr'><strong>(sire</strong></span> <span class='ocrx_word' id='word_1_78' title='bbox 875 1386 905 1446; x_wconf 83' lang='lat' dir='ltr'><strong>ol·</strong></span> <span class='ocrx_word' id='word_1_79' title='bbox 936 1383 997 1445; x_wconf 80' lang='grc' dir='ltr'><strong><em>νέοι</em></strong></span> <span class='ocrx_word' id='word_1_80' title='bbox 1030 1386 1138 1447; x_wconf 91' lang='lat' dir='ltr'><strong>verbis</strong></span> <span class='ocrx_word' id='word_1_81' title='bbox 1161 1390 1221 1458; x_wconf 83' lang='grc' dir='ltr'><strong><em>τοῖς</em></strong></span> <span class='ocrx_word' id='word_1_82' title='bbox 1245 1385 1356 1462; x_wconf 79' lang='grc' dir='ltr'><strong><em>φύλαξι</em></strong></span> 
     </span>
     <span class='ocr_line' id='line_1_10' title="bbox 175 1494 1354 1583; baseline 0.002 -26"><span class='ocrx_word' id='word_1_83' title='bbox 175 1498 359 1559; x_wconf 76' lang='lat' dir='ltr'><strong>indicantur</strong></span> <span class='ocrx_word' id='word_1_84' title='bbox 378 1499 448 1558; x_wconf 88' lang='lat' dir='ltr'><strong>sive</strong></span> <span class='ocrx_word' id='word_1_85' title='bbox 472 1497 504 1557; x_wconf 80' lang='grc' dir='ltr'><strong><em>οἱ</em></strong></span> <span class='ocrx_word' id='word_1_86' title='bbox 521 1494 669 1577; x_wconf 71' lang='grc' dir='ltr'><strong><em>ἄρχοντες)</em></strong></span> <span class='ocrx_word' id='word_1_87' title='bbox 681 1500 781 1560; x_wconf 89' lang='lat' dir='ltr'><strong>verba</strong></span> <span class='ocrx_word' id='word_1_88' title='bbox 801 1509 836 1583; x_wconf 71' lang='grc' dir='ltr'><strong><em>τῇ</em></strong></span> <span class='ocrx_word' id='word_1_89' title='bbox 849 1499 932 1560; x_wconf 75' lang='grc' dir='ltr'><strong><em>πόλει</em></strong></span> <span class='ocrx_word' id='word_1_90' title='bbox 949 1497 1018 1575; x_wconf 70' lang='grc' dir='ltr'><strong><em>,μὸν</em></strong></span> <span class='ocrx_word' id='word_1_91' title='bbox 1030 1499 1147 1577; x_wconf 77' lang='grc' dir='ltr'><strong><em>δῆμον”</em></strong></span> <span class='ocrx_word' id='word_1_92' title='bbox 1161 1499 1354 1576; x_wconf 82' lang='lat' dir='ltr'><strong>significant,</strong></span> 
     </span>
     <span class='ocr_line' id='line_1_11' title="bbox 176 1611 1354 1697; baseline 0.003 -25"><span class='ocrx_word' id='word_1_93' title='bbox 176 1613 388 1685; x_wconf 89' lang='lat' dir='ltr'><strong>quamobrem</strong></span> <span class='ocrx_word' id='word_1_94' title='bbox 411 1613 556 1688; x_wconf 82' lang='lat' dir='ltr'><strong>suspicor</strong></span> <span class='ocrx_word' id='word_1_95' title='bbox 579 1612 750 1674; x_wconf 79' lang='lat' dir='ltr'>Platonem</span> <span class='ocrx_word' id='word_1_96' title='bbox 773 1614 1003 1674; x_wconf 89' lang='lat' dir='ltr'><strong>tantummodo</strong></span> <span class='ocrx_word' id='word_1_97' title='bbox 1027 1622 1062 1697; x_wconf 74' lang='grc' dir='ltr'><strong><em>τῇ</em></strong></span> <span class='ocrx_word' id='word_1_98' title='bbox 1082 1611 1164 1674; x_wconf 80' lang='grc' dir='ltr'><strong><em>πόλει</em></strong></span> <span class='ocrx_word' id='word_1_99' title='bbox 1185 1614 1354 1689; x_wconf 75' lang='lat' dir='ltr'><strong>scripsisse</strong></span> 
     </span>
     <span class='ocr_line' id='line_1_12' title="bbox 128 1720 1354 1812; baseline 0.002 -25"><span class='ocrx_word' id='word_1_100' title='bbox 128 1721 153 1787; x_wconf 82' lang='lat'>0</span> <span class='ocrx_word' id='word_1_101' title='bbox 177 1727 210 1785; x_wconf 91' lang='lat' dir='ltr'><strong>et</strong></span> <span class='ocrx_word' id='word_1_102' title='bbox 233 1725 332 1787; x_wconf 85' lang='lat' dir='ltr'><strong>verba</strong></span> <span class='ocrx_word' id='word_1_103' title='bbox 355 1724 488 1798; x_wconf 83' lang='grc' dir='ltr'><strong><em>καὶτοῖς</em></strong></span> <span class='ocrx_word' id='word_1_104' title='bbox 511 1726 621 1803; x_wconf 75' lang='grc' dir='ltr'><strong><em>φύλαξι</em></strong></span> <span class='ocrx_word' id='word_1_105' title='bbox 644 1744 662 1788; x_wconf 90' lang='lat' dir='ltr'><strong>e</strong></span> <span class='ocrx_word' id='word_1_106' title='bbox 686 1744 752 1803; x_wconf 85' lang='lat' dir='ltr'><strong>mg.</strong></span> <span class='ocrx_word' id='word_1_107' title='bbox 777 1729 957 1803; x_wconf 87' lang='lat' dir='ltr'><strong>irrepsisse.</strong></span> <span class='ocrx_word' id='word_1_108' title='bbox 985 1729 1069 1802; x_wconf 84' lang='lat' dir='ltr'><strong>Lege</strong></span> <span class='ocrx_word' id='word_1_109' title='bbox 1094 1732 1217 1808; x_wconf 82' lang='grc' dir='ltr'><strong><em>καριεῖς.</em></strong></span> <span class='ocrx_word' id='word_1_110' title='bbox 1238 1720 1258 1812; x_wconf 86' lang='grc' dir='ltr'><strong>ΙΙ</strong></span> <span class='ocrx_word' id='word_1_111' title='bbox 1279 1729 1354 1790; x_wconf 89' lang='lat' dir='ltr'><strong>Her·</strong></span> 
     </span>
     <span class='ocr_line' id='line_1_13' title="bbox 176 1840 1356 1916; baseline 0.002 -17"><span class='ocrx_word' id='word_1_112' title='bbox 176 1840 345 1900; x_wconf 88' lang='lat' dir='ltr'><strong>werdenns</strong></span> <span class='ocrx_word' id='word_1_113' title='bbox 379 1840 453 1911; x_wconf 89' lang='lat' dir='ltr'><strong>(Mn.</strong></span> <span class='ocrx_word' id='word_1_114' title='bbox 492 1841 587 1911; x_wconf 84' lang='lat'>1883)</span> <span class='ocrx_word' id='word_1_115' title='bbox 621 1842 693 1901; x_wconf 90' lang='lat' dir='ltr'><strong>sine</strong></span> <span class='ocrx_word' id='word_1_116' title='bbox 724 1857 824 1902; x_wconf 89' lang='lat' dir='ltr'><strong>eausa</strong></span> <span class='ocrx_word' id='word_1_117' title='bbox 854 1843 1079 1916; x_wconf 82' lang='lat' dir='ltr'><strong>corrigendum</strong></span> <span class='ocrx_word' id='word_1_118' title='bbox 1110 1843 1239 1916; x_wconf 87' lang='lat' dir='ltr'><strong>putavit</strong></span> <span class='ocrx_word' id='word_1_119' title='bbox 1270 1840 1300 1901; x_wconf 82' lang='grc' dir='ltr'><strong>εἴ</strong></span> <span class='ocrx_word' id='word_1_120' title='bbox 1327 1864 1356 1901; x_wconf 85' lang='grc' dir='ltr'><strong><em>τε</em></strong></span> 
     </span>
     <span class='ocr_line' id='line_1_14' title="bbox 175 1950 1356 2032; baseline -0.001 -19"><span class='ocrx_word' id='word_1_121' title='bbox 175 1952 289 2024; x_wconf 84' lang='grc' dir='ltr'><strong><em>τούτοις</em></strong></span> <span class='ocrx_word' id='word_1_122' title='bbox 325 1952 425 2025; x_wconf 54' lang='lat' dir='ltr'><strong>&lt;0sp</strong></span> <span class='ocrx_word' id='word_1_123' title='bbox 460 1950 613 2032; x_wconf 78' lang='grc' dir='ltr'><strong><em>ἐπίκουροι</em></strong></span> <span class='ocrx_word' id='word_1_124' title='bbox 638 1956 671 2015; x_wconf 90' lang='lat' dir='ltr'><strong>et</strong></span> <span class='ocrx_word' id='word_1_125' title='bbox 694 1969 770 2014; x_wconf 87' lang='lat' dir='ltr'><strong>mox</strong></span> <span class='ocrx_word' id='word_1_126' title='bbox 794 1970 909 2029; x_wconf 90' lang='lat' dir='ltr'><strong>parurn</strong></span> <span class='ocrx_word' id='word_1_127' title='bbox 933 1956 1021 2015; x_wconf 86' lang='lat' dir='ltr'><strong>reete</strong></span> <span class='ocrx_word' id='word_1_128' title='bbox 1044 1954 1115 2013; x_wconf 75' lang='lat' dir='ltr'><strong>vam</strong></span> <span class='ocrx_word' id='word_1_129' title='bbox 1138 1955 1162 2014; x_wconf 93' lang='lat' dir='ltr'>L</span> <span class='ocrx_word' id='word_1_130' title='bbox 1186 1951 1227 2031; x_wconf 75' lang='grc' dir='ltr'><strong>μὴ</strong></span> <span class='ocrx_word' id='word_1_131' title='bbox 1251 1958 1356 2013; x_wconf 78' lang='grc' dir='ltr'><strong><em>πειθο-</em></strong></span> 
     </span>
     <span class='ocr_line' id='line_1_15' title="bbox 175 2064 1356 2145; baseline 0.002 -20"><span class='ocrx_word' id='word_1_132' title='bbox 175 2064 284 2144; x_wconf 83' lang='grc' dir='ltr'><strong><em>μένους</em></strong></span> <span class='ocrx_word' id='word_1_133' title='bbox 306 2083 363 2142; x_wconf 91' lang='lat' dir='ltr'><strong>pro</strong></span> <span class='ocrx_word' id='word_1_134' title='bbox 387 2064 589 2145; x_wconf 77' lang='grc' dir='ltr'><strong><em>μιμουμένους</em></strong></span> <span class='ocrx_word' id='word_1_135' title='bbox 612 2068 768 2142; x_wconf 90' lang='lat' dir='ltr'><strong>probavit.</strong></span> <span class='ocrx_word' id='word_1_136' title='bbox 794 2068 925 2141; x_wconf 83' lang='lat' dir='ltr'><strong>Optime</strong></span> <span class='ocrx_word' id='word_1_137' title='bbox 950 2068 1037 2129; x_wconf 91' lang='lat' dir='ltr'><strong>enim</strong></span> <span class='ocrx_word' id='word_1_138' title='bbox 1062 2067 1155 2128; x_wconf 73' lang='lat' dir='ltr'><strong>Grion</strong></span> <span class='ocrx_word' id='word_1_139' title='bbox 1178 2069 1276 2128; x_wconf 82' lang='lat' dir='ltr'><strong>vertit</strong></span> <span class='ocrx_word' id='word_1_140' title='bbox 1304 2070 1356 2144; x_wconf 92' lang='lat' dir='ltr'><strong>,et</strong></span> 
     </span>
     <span class='ocr_line' id='line_1_16' title="bbox 175 2179 1356 2256; baseline 0 -15"><span class='ocrx_word' id='word_1_141' title='bbox 175 2182 249 2243; x_wconf 87' lang='lat' dir='ltr'><strong>d&#39;en</strong></span> <span class='ocrx_word' id='word_1_142' title='bbox 272 2183 381 2243; x_wconf 88' lang='lat' dir='ltr'><strong>snivre</strong></span> <span class='ocrx_word' id='word_1_143' title='bbox 405 2181 528 2256; x_wconf 90' lang='lat' dir='ltr'><strong>l&#39;esprit</strong></span> <span class='ocrx_word' id='word_1_144' title='bbox 551 2182 633 2242; x_wconf 89' lang='lat' dir='ltr'><strong>dane</strong></span> <span class='ocrx_word' id='word_1_145' title='bbox 652 2182 701 2241; x_wconf 89' lang='lat' dir='ltr'><strong>les</strong></span> <span class='ocrx_word' id='word_1_146' title='bbox 720 2179 919 2254; x_wconf 81' lang='lat' dir='ltr'><strong>reglements</strong></span> <span class='ocrx_word' id='word_1_147' title='bbox 940 2196 1002 2254; x_wconf 87' lang='lat' dir='ltr'><strong>que</strong></span> <span class='ocrx_word' id='word_1_148' title='bbox 1022 2196 1105 2241; x_wconf 89' lang='lat' dir='ltr'><strong>nous</strong></span> <span class='ocrx_word' id='word_1_149' title='bbox 1126 2182 1356 2242; x_wconf 88' lang='lat' dir='ltr'><strong>abandonnons</strong></span> 
     </span>
     <span class='ocr_line' id='line_1_17' title="bbox 176 2288 1356 2374; baseline 0.001 -19"><span class='ocrx_word' id='word_1_150' title='bbox 176 2297 196 2355; x_wconf 82' lang='lat' dir='ltr'>a</span> <span class='ocrx_word' id='word_1_151' title='bbox 217 2295 288 2356; x_wconf 89' lang='lat' dir='ltr'><strong>leur</strong></span> <span class='ocrx_word' id='word_1_152' title='bbox 307 2296 500 2373; x_wconf 84' lang='lat' dir='ltr'><strong>prudenoe,”</strong></span> <span class='ocrx_word' id='word_1_153' title='bbox 522 2296 594 2357; x_wconf 88' lang='lat' dir='ltr'><strong>vide</strong></span> <span class='ocrx_word' id='word_1_154' title='bbox 613 2295 718 2356; x_wconf 80' lang='lat'>4251)</span> <span class='ocrx_word' id='word_1_155' title='bbox 738 2294 798 2355; x_wconf 91' lang='lat' dir='ltr'><strong>ult.</strong></span> <span class='ocrx_word' id='word_1_156' title='bbox 819 2288 877 2354; x_wconf 79' lang='grc' dir='ltr'><strong><em>ἀλλ’</em></strong></span> <span class='ocrx_word' id='word_1_157' title='bbox 901 2292 958 2355; x_wconf 85' lang='grc' dir='ltr'><strong><em>οὐκ</em></strong></span> <span class='ocrx_word' id='word_1_158' title='bbox 978 2291 1072 2373; x_wconf 70' lang='grc' dir='ltr'><strong><em>ἄξιον,</em></strong></span> <span class='ocrx_word' id='word_1_159' title='bbox 1092 2293 1149 2373; x_wconf 75' lang='grc' dir='ltr'><strong>ἔφη</strong></span> <span class='ocrx_word' id='word_1_160' title='bbox 1171 2299 1231 2374; x_wconf 80' lang='grc' dir='ltr'><strong><em>κτλ,</em></strong></span> <span class='ocrx_word' id='word_1_161' title='bbox 1250 2296 1313 2356; x_wconf 80' lang='lat'><strong>427</strong></span> <span class='ocrx_word' id='word_1_162' title='bbox 1327 2296 1356 2356; x_wconf 87' lang='lat' dir='ltr'><strong>A</strong></span> 
     </span>
     <span class='ocr_line' id='line_1_18' title="bbox 176 2404 627 2489; baseline -0.002 -20"><span class='ocrx_word' id='word_1_163' title='bbox 176 2411 219 2471; x_wconf 89' lang='lat' dir='ltr'><strong>in.</strong></span> <span class='ocrx_word' id='word_1_164' title='bbox 244 2406 300 2489; x_wconf 75' lang='grc' dir='ltr'><strong>ἐγὼ</strong></span> <span class='ocrx_word' id='word_1_165' title='bbox 326 2405 381 2487; x_wconf 76' lang='grc' dir='ltr'><strong>μὲν</strong></span> <span class='ocrx_word' id='word_1_166' title='bbox 403 2408 507 2469; x_wconf 80' lang='grc' dir='ltr'><strong><em>τοίνυν</em></strong></span> <span class='ocrx_word' id='word_1_167' title='bbox 530 2413 588 2469; x_wconf 82' lang='grc' dir='ltr'><strong><em>κτλ.</em></strong></span> <span class='ocrx_word' id='word_1_168' title='bbox 605 2404 627 2480; x_wconf 87' lang='grc'><strong>1)</strong></span> 
     </span>
     <span class='ocr_line' id='line_1_19' title="bbox 31 2521 1357 2613; baseline 0.002 -28"><span class='ocrx_word' id='word_1_169' title='bbox 31 2528 93 2587; x_wconf 80' lang='grc'><strong>459</strong></span> <span class='ocrx_word' id='word_1_170' title='bbox 124 2521 154 2589; x_wconf 83' lang='grc' dir='ltr'><strong>Δ</strong></span> <span class='ocrx_word' id='word_1_171' title='bbox 221 2524 315 2584; x_wconf 87' lang='lat' dir='ltr'><strong>Unus</strong></span> <span class='ocrx_word' id='word_1_172' title='bbox 339 2524 405 2585; x_wconf 89' lang='lat' dir='ltr'><strong>cod.</strong></span> <span class='ocrx_word' id='word_1_173' title='bbox 431 2524 537 2584; x_wconf 88' lang='lat' dir='ltr'><strong>exhib.</strong></span> <span class='ocrx_word' id='word_1_174' title='bbox 558 2522 748 2613; x_wconf 73' lang='grc' dir='ltr'><strong><em>θηρευτικάς,</em></strong></span> <span class='ocrx_word' id='word_1_175' title='bbox 768 2524 906 2587; x_wconf 82' lang='lat' dir='ltr'><strong>fortasse</strong></span> <span class='ocrx_word' id='word_1_176' title='bbox 927 2526 1024 2602; x_wconf 86' lang='lat' dir='ltr'><strong>recte,</strong></span> <span class='ocrx_word' id='word_1_177' title='bbox 1046 2540 1121 2588; x_wconf 88' lang='lat' dir='ltr'><strong>enm</strong></span> <span class='ocrx_word' id='word_1_178' title='bbox 1135 2525 1247 2588; x_wconf 79' lang='lat' dir='ltr'><strong>Graeci</strong></span> <span class='ocrx_word' id='word_1_179' title='bbox 1260 2541 1357 2588; x_wconf 82' lang='lat' dir='ltr'><strong>canes</strong></span> 
     </span>
     <span class='ocr_line' id='line_1_20' title="bbox 176 2609 1355 2716; baseline 0.004 -20"><span class='ocrx_word' id='word_1_180' title='bbox 176 2609 355 2698; x_wconf 44' lang='lat' dir='ltr'><strong>venaticas*</strong></span> <span class='ocrx_word' id='word_1_181' title='bbox 365 2638 556 2713; x_wconf 89' lang='lat' dir='ltr'><strong>plerumque</strong></span> <span class='ocrx_word' id='word_1_182' title='bbox 576 2638 653 2712; x_wconf 83' lang='lat' dir='ltr'><strong>iem.</strong></span> <span class='ocrx_word' id='word_1_183' title='bbox 666 2654 738 2714; x_wconf 80' lang='lat' dir='ltr'><strong>gen.</strong></span> <span class='ocrx_word' id='word_1_184' title='bbox 752 2640 914 2715; x_wconf 88' lang='lat' dir='ltr'><strong>appellare</strong></span> <span class='ocrx_word' id='word_1_185' title='bbox 927 2642 1169 2702; x_wconf 85' lang='lat' dir='ltr'><strong>consueverint:</strong></span> <span class='ocrx_word' id='word_1_186' title='bbox 1193 2641 1232 2702; x_wconf 86' lang='lat' dir='ltr'><strong>of.</strong></span> <span class='ocrx_word' id='word_1_187' title='bbox 1246 2641 1355 2716; x_wconf 84' lang='lat' dir='ltr'><strong>Steph.</strong></span> 
     </span>
     <span class='ocr_line' id='line_1_21' title="bbox 121 2745 1356 2838; baseline 0.002 -28"><span class='ocrx_word' id='word_1_188' title='bbox 121 2751 329 2817; x_wconf 80' lang='lat' dir='ltr'><strong>BThesaur.</strong></span> <span class='ocrx_word' id='word_1_189' title='bbox 364 2752 398 2812; x_wconf 93' lang='lat' dir='ltr'><strong>in</strong></span> <span class='ocrx_word' id='word_1_190' title='bbox 432 2767 463 2812; x_wconf 85' lang='lat' dir='ltr'><strong>v.</strong></span> <span class='ocrx_word' id='word_1_191' title='bbox 499 2751 581 2812; x_wconf 84' lang='grc' dir='ltr'><strong><em>κύον</em></strong></span> <span class='ocrx_word' id='word_1_192' title='bbox 612 2754 645 2813; x_wconf 92' lang='lat' dir='ltr'><strong>et</strong></span> <span class='ocrx_word' id='word_1_193' title='bbox 676 2754 822 2830; x_wconf 85' lang='lat' dir='ltr'><strong>Xenoph.</strong></span> <span class='ocrx_word' id='word_1_194' title='bbox 856 2754 1098 2829; x_wconf 79' lang='lat' dir='ltr'><strong>Cynegetioum.</strong></span> <span class='ocrx_word' id='word_1_195' title='bbox 1124 2745 1144 2838; x_wconf 84' lang='grc' dir='ltr'><strong>ΙΙ</strong></span> <span class='ocrx_word' id='word_1_196' title='bbox 1167 2755 1238 2814; x_wconf 88' lang='lat' dir='ltr'><strong>Non</strong></span> <span class='ocrx_word' id='word_1_197' title='bbox 1271 2754 1356 2814; x_wconf 87' lang='lat' dir='ltr'><strong>male</strong></span> 
     </span>
     <span class='ocr_line' id='line_1_22' title="bbox 177 2861 1413 2954; baseline 0.001 -29"><span class='ocrx_word' id='word_1_198' title='bbox 177 2866 270 2939; x_wconf 83' lang='lat' dir='ltr'><strong>pauci</strong></span> <span class='ocrx_word' id='word_1_199' title='bbox 302 2867 390 2927; x_wconf 86' lang='lat' dir='ltr'><strong>codd.</strong></span> <span class='ocrx_word' id='word_1_200' title='bbox 421 2868 495 2941; x_wconf 87' lang='lat' dir='ltr'><strong>poet</strong></span> <span class='ocrx_word' id='word_1_201' title='bbox 526 2862 626 2946; x_wconf 74' lang='grc' dir='ltr'><strong><em>ἄκρον</em></strong></span> <span class='ocrx_word' id='word_1_202' title='bbox 656 2883 718 2928; x_wconf 85' lang='lat' dir='ltr'><strong>om.</strong></span> <span class='ocrx_word' id='word_1_203' title='bbox 741 2867 798 2928; x_wconf 84' lang='lat' dir='ltr'><strong>inf.</strong></span> <span class='ocrx_word' id='word_1_204' title='bbox 817 2861 910 2945; x_wconf 73' lang='grc' dir='ltr'><strong><em>αῖναι,</em></strong></span> <span class='ocrx_word' id='word_1_205' title='bbox 935 2868 974 2928; x_wconf 86' lang='lat' dir='ltr'><strong>ef.</strong></span> <span class='ocrx_word' id='word_1_206' title='bbox 999 2868 1114 2928; x_wconf 86' lang='lat' dir='ltr'><strong>statim</strong></span> <span class='ocrx_word' id='word_1_207' title='bbox 1137 2870 1210 2942; x_wconf 90' lang='lat' dir='ltr'><strong>post</strong></span> <span class='ocrx_word' id='word_1_208' title='bbox 1233 2867 1266 2926; x_wconf 89' lang='lat' dir='ltr'><strong>in</strong></span> <span class='ocrx_word' id='word_1_209' title='bbox 1291 2864 1357 2954; x_wconf 21' lang='lat' dir='ltr'><strong>§.G</strong></span> <span class='ocrx_word' id='word_1_210' title='bbox 1411 2909 1413 2914; x_wconf 84' lang='lat'>-</span> 
     </span>
     <span class='ocr_line' id='line_1_23' title="bbox 178 2973 1357 3058; baseline 0.002 -22"><span class='ocrx_word' id='word_1_211' title='bbox 178 2975 222 3037; x_wconf 85' lang='grc' dir='ltr'><strong><em>δτι</em></strong></span> <span class='ocrx_word' id='word_1_212' title='bbox 244 2975 449 3058; x_wconf 75' lang='grc' dir='ltr'><strong><em>ἀνδρειοτέρου</em></strong></span> <span class='ocrx_word' id='word_1_213' title='bbox 475 2978 524 3038; x_wconf 84' lang='grc' dir='ltr'><strong>δεῖ</strong></span> <span class='ocrx_word' id='word_1_214' title='bbox 546 2987 598 3040; x_wconf 81' lang='grc' dir='ltr'><strong>τοῦ</strong></span> <span class='ocrx_word' id='word_1_215' title='bbox 619 2978 730 3058; x_wconf 82' lang='grc' dir='ltr'><strong><em>ἰατροῦ.</em></strong></span> <span class='ocrx_word' id='word_1_216' title='bbox 751 2980 936 3040; x_wconf 80' lang='lat' dir='ltr'><strong>Verisimile</strong></span> <span class='ocrx_word' id='word_1_217' title='bbox 957 2983 1008 3041; x_wconf 81' lang='lat' dir='ltr'><strong>est</strong></span> <span class='ocrx_word' id='word_1_218' title='bbox 1031 2973 1107 3040; x_wconf 77' lang='lat' dir='ltr'><strong>rivet</strong></span> <span class='ocrx_word' id='word_1_219' title='bbox 1131 2980 1193 3056; x_wconf 87' lang='lat' dir='ltr'><strong>hio,</strong></span> <span class='ocrx_word' id='word_1_220' title='bbox 1217 2979 1301 3040; x_wconf 81' lang='lat' dir='ltr'><strong>inira</strong></span> <span class='ocrx_word' id='word_1_221' title='bbox 1323 2980 1357 3038; x_wconf 92' lang='lat' dir='ltr'><strong>in</strong></span> 
     </span>
     <span class='ocr_line' id='line_1_24' title="bbox 177 3087 1358 3171; baseline 0 -19"><span class='ocrx_word' id='word_1_222' title='bbox 177 3092 196 3161; x_wconf 71' lang='lat'>5</span> <span class='ocrx_word' id='word_1_223' title='bbox 220 3091 244 3152; x_wconf 80' lang='lat' dir='ltr'>O</span> <span class='ocrx_word' id='word_1_224' title='bbox 265 3094 338 3166; x_wconf 87' lang='lat' dir='ltr'><strong>post</strong></span> <span class='ocrx_word' id='word_1_225' title='bbox 361 3087 528 3171; x_wconf 77' lang='grc' dir='ltr'><strong><em>ἡγούμεθα,</em></strong></span> <span class='ocrx_word' id='word_1_226' title='bbox 550 3108 648 3168; x_wconf 89' lang='lat' dir='ltr'><strong>supra</strong></span> <span class='ocrx_word' id='word_1_227' title='bbox 675 3094 739 3153; x_wconf 82' lang='grc'><strong>458</strong></span> <span class='ocrx_word' id='word_1_228' title='bbox 761 3093 790 3153; x_wconf 87' lang='lat' dir='ltr'><strong>A</strong></span> <span class='ocrx_word' id='word_1_229' title='bbox 809 3095 883 3168; x_wconf 91' lang='lat' dir='ltr'><strong>post</strong></span> <span class='ocrx_word' id='word_1_230' title='bbox 903 3091 1038 3171; x_wconf 77' lang='grc' dir='ltr'><strong><em>ὑπάρχον</em></strong></span> <span class='ocrx_word' id='word_1_231' title='bbox 1060 3094 1232 3167; x_wconf 84' lang='lat' dir='ltr'><strong>uniatque</strong></span> <span class='ocrx_word' id='word_1_232' title='bbox 1252 3093 1358 3154; x_wconf 89' lang='lat' dir='ltr'><strong>eidem</strong></span> 
     </span>
     <span class='ocr_line' id='line_1_25' title="bbox 131 3197 1357 3289; baseline -0.001 -23"><span class='ocrx_word' id='word_1_233' title='bbox 131 3205 399 3281; x_wconf 77' lang='lat' dir='ltr'><strong>cinterpolatori</strong></span> <span class='ocrx_word' id='word_1_234' title='bbox 433 3207 551 3267; x_wconf 87' lang='lat' dir='ltr'><strong>deberi.</strong></span> <span class='ocrx_word' id='word_1_235' title='bbox 587 3197 607 3289; x_wconf 89' lang='grc' dir='ltr'><strong>ΙΙ</strong></span> <span class='ocrx_word' id='word_1_236' title='bbox 639 3205 869 3280; x_wconf 77' lang='lat' dir='ltr'><strong>corrigendum</strong></span> <span class='ocrx_word' id='word_1_237' title='bbox 901 3209 1038 3268; x_wconf 90' lang='lat' dir='ltr'><strong>arbitror</strong></span> <span class='ocrx_word' id='word_1_238' title='bbox 1069 3203 1195 3286; x_wconf 79' lang='grc' dir='ltr'><strong><em>(ἰατρὸν)</em></strong></span> <span class='ocrx_word' id='word_1_239' title='bbox 1228 3205 1266 3284; x_wconf 78' lang='grc' dir='ltr'><strong>δή</strong></span> <span class='ocrx_word' id='word_1_240' title='bbox 1297 3226 1357 3265; x_wconf 85' lang='grc' dir='ltr'><strong><em>κου</em></strong></span> 
     </span>
     <span class='ocr_line' id='line_1_26' title="bbox 176 3317 1357 3402; baseline 0 -22"><span class='ocrx_word' id='word_1_241' title='bbox 176 3336 233 3395; x_wconf 90' lang='lat' dir='ltr'><strong>pro</strong></span> <span class='ocrx_word' id='word_1_242' title='bbox 258 3317 290 3379; x_wconf 83' lang='grc' dir='ltr'><strong>δέ</strong></span> <span class='ocrx_word' id='word_1_243' title='bbox 312 3342 380 3381; x_wconf 87' lang='grc' dir='ltr'><strong><em>τιον.</em></strong></span> <span class='ocrx_word' id='word_1_244' title='bbox 403 3321 519 3381; x_wconf 83' lang='lat' dir='ltr'><strong>Aetius</strong></span> <span class='ocrx_word' id='word_1_245' title='bbox 543 3317 666 3399; x_wconf 81' lang='lat' dir='ltr'><strong>(minue</strong></span> <span class='ocrx_word' id='word_1_246' title='bbox 689 3324 776 3382; x_wconf 87' lang='lat' dir='ltr'><strong>reete</strong></span> <span class='ocrx_word' id='word_1_247' title='bbox 799 3319 922 3398; x_wconf 88' lang='lat' dir='ltr'><strong>opinor)</strong></span> <span class='ocrx_word' id='word_1_248' title='bbox 943 3323 982 3382; x_wconf 89' lang='lat' dir='ltr'><strong>oi.</strong></span> <span class='ocrx_word' id='word_1_249' title='bbox 1004 3318 1037 3402; x_wconf 78' lang='grc' dir='ltr'><strong>με’</strong></span> <span class='ocrx_word' id='word_1_250' title='bbox 1056 3342 1126 3398; x_wconf 86' lang='grc' dir='ltr'><strong><em>κου,</em></strong></span> <span class='ocrx_word' id='word_1_251' title='bbox 1145 3323 1180 3382; x_wconf 91' lang='lat' dir='ltr'><strong>at</strong></span> <span class='ocrx_word' id='word_1_252' title='bbox 1199 3321 1232 3381; x_wconf 89' lang='lat' dir='ltr'><strong>in</strong></span> <span class='ocrx_word' id='word_1_253' title='bbox 1254 3320 1357 3382; x_wconf 85' lang='grc' dir='ltr'><strong>46οΒ</strong></span> 
     </span>
     <span class='ocr_line' id='line_1_27' title="bbox 176 3430 1357 3515; baseline -0.002 -21"><span class='ocrx_word' id='word_1_254' title='bbox 176 3434 219 3495; x_wconf 87' lang='lat' dir='ltr'><strong>in.</strong></span> <span class='ocrx_word' id='word_1_255' title='bbox 245 3449 274 3494; x_wconf 80' lang='lat' dir='ltr'><strong>r.</strong></span> <span class='ocrx_word' id='word_1_256' title='bbox 299 3450 326 3496; x_wconf 89' lang='lat' dir='ltr'><strong>e.</strong></span> <span class='ocrx_word' id='word_1_257' title='bbox 350 3435 508 3511; x_wconf 85' lang='lat' dir='ltr'><strong>particula</strong></span> <span class='ocrx_word' id='word_1_258' title='bbox 531 3456 563 3514; x_wconf 79' lang='grc' dir='ltr'><strong>με</strong></span> <span class='ocrx_word' id='word_1_259' title='bbox 586 3435 620 3494; x_wconf 81' lang='lat' dir='ltr'><strong>iii</strong></span> <span class='ocrx_word' id='word_1_260' title='bbox 639 3430 673 3514; x_wconf 78' lang='grc' dir='ltr'><strong>με’</strong></span> <span class='ocrx_word' id='word_1_261' title='bbox 695 3454 755 3494; x_wconf 88' lang='grc' dir='ltr'><strong><em>τιου</em></strong></span> <span class='ocrx_word' id='word_1_262' title='bbox 775 3436 815 3496; x_wconf 91' lang='lat' dir='ltr'><strong>ad</strong></span> <span class='ocrx_word' id='word_1_263' title='bbox 835 3431 886 3493; x_wconf 81' lang='grc' dir='ltr'><strong><em>καὶ</em></strong></span> <span class='ocrx_word' id='word_1_264' title='bbox 905 3435 1056 3511; x_wconf 87' lang='lat' dir='ltr'><strong>pertinet,</strong></span> <span class='ocrx_word' id='word_1_265' title='bbox 1077 3450 1140 3494; x_wconf 93' lang='lat' dir='ltr'><strong>non</strong></span> <span class='ocrx_word' id='word_1_266' title='bbox 1162 3435 1202 3495; x_wconf 91' lang='lat' dir='ltr'><strong>ad</strong></span> <span class='ocrx_word' id='word_1_267' title='bbox 1222 3431 1357 3515; x_wconf 72' lang='grc' dir='ltr'><strong><em>ἀγαθοῖς.</em></strong></span> 
     </span>
     <span class='ocr_line' id='line_1_28' title="bbox 177 3545 1360 3627; baseline 0 -20"><span class='ocrx_word' id='word_1_268' title='bbox 177 3548 370 3610; x_wconf 88' lang='lat' dir='ltr'><strong>Liebholdus</strong></span> <span class='ocrx_word' id='word_1_269' title='bbox 404 3550 522 3621; x_wconf 77' lang='lat' dir='ltr'><strong>(Fleek.</strong></span> <span class='ocrx_word' id='word_1_270' title='bbox 558 3548 628 3610; x_wconf 89' lang='lat' dir='ltr'><strong>Jbb.</strong></span> <span class='ocrx_word' id='word_1_271' title='bbox 667 3547 763 3627; x_wconf 85' lang='lat'>1888)</span> <span class='ocrx_word' id='word_1_272' title='bbox 800 3549 870 3609; x_wconf 90' lang='lat' dir='ltr'><strong>sine</strong></span> <span class='ocrx_word' id='word_1_273' title='bbox 902 3564 1001 3610; x_wconf 86' lang='lat' dir='ltr'><strong>eausa</strong></span> <span class='ocrx_word' id='word_1_274' title='bbox 1033 3547 1141 3626; x_wconf 82' lang='grc' dir='ltr'><strong><em>ἰατρῶν</em></strong></span> <span class='ocrx_word' id='word_1_275' title='bbox 1174 3545 1223 3626; x_wconf 86' lang='lat' dir='ltr'><strong>(V.</strong></span> <span class='ocrx_word' id='word_1_276' title='bbox 1256 3548 1292 3626; x_wconf 89' lang='lat' dir='ltr'><strong>L)</strong></span> <span class='ocrx_word' id='word_1_277' title='bbox 1327 3549 1360 3608; x_wconf 90' lang='lat' dir='ltr'><strong>et</strong></span> 
     </span>
     <span class='ocr_line' id='line_1_29' title="bbox 75 3660 1357 3740; baseline 0.002 -20"><span class='ocrx_word' id='word_1_278' title='bbox 75 3673 80 3678; x_wconf 84' lang='grc'><em>’</em></span> <span class='ocrx_word' id='word_1_279' title='bbox 178 3661 291 3740; x_wconf 77' lang='grc' dir='ltr'><strong><em>διαίτης</em></strong></span> <span class='ocrx_word' id='word_1_280' title='bbox 314 3664 507 3736; x_wconf 81' lang='lat' dir='ltr'><strong>requirebat.</strong></span> <span class='ocrx_word' id='word_1_281' title='bbox 531 3698 569 3707; x_wconf 98' lang='lat'>—</span> <span class='ocrx_word' id='word_1_282' title='bbox 592 3664 701 3724; x_wconf 63' lang='lat' dir='ltr'>VamL</span> <span class='ocrx_word' id='word_1_283' title='bbox 721 3660 877 3723; x_wconf 70' lang='grc' dir='ltr'><strong><em>ἐθέλουσιν</em></strong></span> <span class='ocrx_word' id='word_1_284' title='bbox 897 3679 953 3739; x_wconf 85' lang='lat' dir='ltr'><strong>pro</strong></span> <span class='ocrx_word' id='word_1_285' title='bbox 970 3660 1135 3722; x_wconf 78' lang='grc' dir='ltr'><strong><em>ἐθελόντων</em></strong></span> <span class='ocrx_word' id='word_1_286' title='bbox 1147 3663 1235 3738; x_wconf 86' lang='lat' dir='ltr'><strong>prob.</strong></span> <span class='ocrx_word' id='word_1_287' title='bbox 1249 3663 1357 3738; x_wconf 77' lang='lat' dir='ltr'><strong>Steph.</strong></span> 
     </span>
     <span class='ocr_line' id='line_1_30' title="bbox 181 3773 1360 3857; baseline -0.001 -20"><span class='ocrx_word' id='word_1_288' title='bbox 181 3777 308 3852; x_wconf 85' lang='lat' dir='ltr'><strong>Madvig</strong></span> <span class='ocrx_word' id='word_1_289' title='bbox 340 3777 460 3854; x_wconf 86' lang='lat' dir='ltr'><strong>Baiter,</strong></span> <span class='ocrx_word' id='word_1_290' title='bbox 495 3779 579 3850; x_wconf 84' lang='lat' dir='ltr'><strong>quod</strong></span> <span class='ocrx_word' id='word_1_291' title='bbox 613 3779 812 3854; x_wconf 89' lang='lat' dir='ltr'><strong>probassem,</strong></span> <span class='ocrx_word' id='word_1_292' title='bbox 849 3779 878 3839; x_wconf 90' lang='lat' dir='ltr'><strong>si</strong></span> <span class='ocrx_word' id='word_1_293' title='bbox 912 3779 1004 3839; x_wconf 92' lang='lat' dir='ltr'><strong>Plato</strong></span> <span class='ocrx_word' id='word_1_294' title='bbox 1037 3793 1101 3840; x_wconf 83' lang='grc' dir='ltr'><strong>αοα</strong></span> <span class='ocrx_word' id='word_1_295' title='bbox 1133 3775 1216 3857; x_wconf 74' lang='grc' dir='ltr'><strong><em>ἄλλα,</em></strong></span> <span class='ocrx_word' id='word_1_296' title='bbox 1246 3779 1303 3840; x_wconf 88' lang='lat' dir='ltr'><strong>sed</strong></span> <span class='ocrx_word' id='word_1_297' title='bbox 1327 3773 1360 3837; x_wconf 82' lang='grc' dir='ltr'><strong>δὲ</strong></span> 
     </span>
     <span class='ocr_line' id='line_1_31' title="bbox 179 3886 1360 3972; baseline -0.003 -19"><span class='ocrx_word' id='word_1_298' title='bbox 179 3894 352 3968; x_wconf 87' lang='lat' dir='ltr'><strong>posuisset.</strong></span> <span class='ocrx_word' id='word_1_299' title='bbox 380 3893 453 3954; x_wconf 85' lang='lat' dir='ltr'><strong>Mox</strong></span> <span class='ocrx_word' id='word_1_300' title='bbox 476 3892 642 3953; x_wconf 89' lang='lat' dir='ltr'><strong>Dobraeus</strong></span> <span class='ocrx_word' id='word_1_301' title='bbox 665 3893 757 3962; x_wconf 81' lang='lat' dir='ltr'><strong>(Adv.</strong></span> <span class='ocrx_word' id='word_1_302' title='bbox 783 3891 871 3963; x_wconf 72' lang='lat' dir='ltr'><strong>crit.)</strong></span> <span class='ocrx_word' id='word_1_303' title='bbox 896 3893 934 3954; x_wconf 86' lang='lat' dir='ltr'><strong>el.</strong></span> <span class='ocrx_word' id='word_1_304' title='bbox 959 3886 1120 3972; x_wconf 75' lang='grc' dir='ltr'><strong><em>ἡγούμεθ’.</em></strong></span> <span class='ocrx_word' id='word_1_305' title='bbox 1138 3890 1186 3970; x_wconf 74' lang='grc' dir='ltr'><strong>ἄν,</strong></span> <span class='ocrx_word' id='word_1_306' title='bbox 1209 3908 1272 3967; x_wconf 87' lang='lat' dir='ltr'><strong>quo</strong></span> <span class='ocrx_word' id='word_1_307' title='bbox 1295 3907 1360 3952; x_wconf 91' lang='lat' dir='ltr'><strong>non</strong></span> 
     </span>
     <span class='ocr_line' id='line_1_32' title="bbox 179 4003 1357 4086; baseline -0.002 -18"><span class='ocrx_word' id='word_1_308' title='bbox 179 4023 271 4085; x_wconf 80' lang='lat' dir='ltr'><strong>opuS,</strong></span> <span class='ocrx_word' id='word_1_309' title='bbox 296 4008 335 4069; x_wconf 82' lang='lat' dir='ltr'><strong>cf.</strong></span> <span class='ocrx_word' id='word_1_310' title='bbox 359 4023 410 4069; x_wconf 84' lang='lat' dir='ltr'><strong>ex.</strong></span> <span class='ocrx_word' id='word_1_311' title='bbox 434 4022 481 4082; x_wconf 81' lang='lat' dir='ltr'><strong>gr.</strong></span> <span class='ocrx_word' id='word_1_312' title='bbox 506 4004 521 4067; x_wconf 84' lang='lat' dir='ltr'><strong>l</strong></span> <span class='ocrx_word' id='word_1_313' title='bbox 546 4004 586 4084; x_wconf 73' lang='grc' dir='ltr'><strong>μὴ</strong></span> <span class='ocrx_word' id='word_1_314' title='bbox 611 4003 709 4086; x_wconf 75' lang='grc' dir='ltr'><strong><em>δαρεὶς</em></strong></span> <span class='ocrx_word' id='word_1_315' title='bbox 733 4003 896 4085; x_wconf 74' lang='grc' dir='ltr'><strong><em>ἅνθρωπος</em></strong></span> <span class='ocrx_word' id='word_1_316' title='bbox 919 4004 955 4067; x_wconf 78' lang='grc' dir='ltr'><strong><em>οὐ</em></strong></span> <span class='ocrx_word' id='word_1_317' title='bbox 975 4006 1154 4066; x_wconf 81' lang='grc' dir='ltr'><strong><em>παιδεύεται.</em></strong></span> <span class='ocrx_word' id='word_1_318' title='bbox 1177 4041 1217 4050; x_wconf 87' lang='grc'><strong><em>-</em></strong></span> <span class='ocrx_word' id='word_1_319' title='bbox 1238 4005 1357 4066; x_wconf 79' lang='lat' dir='ltr'><strong>infinit.</strong></span> 
     </span>
     <span class='ocr_line' id='line_1_33' title="bbox 180 4113 1359 4197; baseline 0.001 -18"><span class='ocrx_word' id='word_1_320' title='bbox 180 4113 256 4179; x_wconf 77' lang='grc' dir='ltr'><strong><em>εἶναι</em></strong></span> <span class='ocrx_word' id='word_1_321' title='bbox 285 4122 433 4197; x_wconf 87' lang='lat' dir='ltr'><strong>spurium</strong></span> <span class='ocrx_word' id='word_1_322' title='bbox 464 4122 551 4182; x_wconf 91' lang='lat' dir='ltr'><strong>reote</strong></span> <span class='ocrx_word' id='word_1_323' title='bbox 583 4121 746 4182; x_wconf 80' lang='lat' dir='ltr'><strong>duxerunt</strong></span> <span class='ocrx_word' id='word_1_324' title='bbox 778 4119 888 4194; x_wconf 81' lang='lat' dir='ltr'><strong>steph.</strong></span> <span class='ocrx_word' id='word_1_325' title='bbox 924 4120 987 4181; x_wconf 88' lang='lat' dir='ltr'><strong>Ast</strong></span> <span class='ocrx_word' id='word_1_326' title='bbox 1017 4120 1144 4194; x_wconf 83' lang='lat' dir='ltr'><strong>Madvig</strong></span> <span class='ocrx_word' id='word_1_327' title='bbox 1174 4120 1256 4180; x_wconf 90' lang='lat' dir='ltr'><strong>Bait.</strong></span> <span class='ocrx_word' id='word_1_328' title='bbox 1282 4118 1359 4180; x_wconf 89' lang='lat' dir='ltr'><strong>Her·</strong></span> 
     </span>
     <span class='ocr_line' id='line_1_34' title="bbox 181 4224 1360 4311; baseline -0.003 -15"><span class='ocrx_word' id='word_1_329' title='bbox 181 4237 278 4297; x_wconf 87' lang='lat' dir='ltr'><strong>werd.</strong></span> <span class='ocrx_word' id='word_1_330' title='bbox 310 4236 383 4308; x_wconf 85' lang='lat' dir='ltr'><strong>(Mn.</strong></span> <span class='ocrx_word' id='word_1_331' title='bbox 417 4235 523 4311; x_wconf 86' lang='grc'>1891),</span> <span class='ocrx_word' id='word_1_332' title='bbox 555 4235 609 4308; x_wconf 87' lang='lat' dir='ltr'><strong>qui</strong></span> <span class='ocrx_word' id='word_1_333' title='bbox 640 4249 714 4294; x_wconf 89' lang='lat' dir='ltr'><strong>oum</strong></span> <span class='ocrx_word' id='word_1_334' title='bbox 747 4233 909 4308; x_wconf 85' lang='lat' dir='ltr'><strong>Stephano</strong></span> <span class='ocrx_word' id='word_1_335' title='bbox 942 4235 1043 4295; x_wconf 90' lang='lat' dir='ltr'><strong>etiam</strong></span> <span class='ocrx_word' id='word_1_336' title='bbox 1074 4231 1180 4311; x_wconf 71' lang='grc' dir='ltr'><strong><em>ἐξαρκῇ</em></strong></span> <span class='ocrx_word' id='word_1_337' title='bbox 1213 4227 1259 4311; x_wconf 74' lang='grc' dir='ltr'><strong>ἡν.</strong></span> <span class='ocrx_word' id='word_1_338' title='bbox 1283 4224 1360 4292; x_wconf 79' lang='grc' dir='ltr'><strong><em>εἶναι</em></strong></span> 
     </span>
    </p>
   </div>
   <div class='ocr_carea' id='block_1_3' title="bbox 180 4343 1359 4426">
    <p class='ocr_par' dir='ltr' id='par_1_3' title="bbox 180 4343 1359 4426">
     <span class='ocr_line' id='line_1_35' title="bbox 180 4343 1359 4426; baseline -0.004 -15"><span class='ocrx_word' id='word_1_339' title='bbox 180 4352 371 4425; x_wconf 89' lang='lat' dir='ltr'><strong>proponeret</strong></span> <span class='ocrx_word' id='word_1_340' title='bbox 407 4349 455 4426; x_wconf 91' lang='lat' dir='ltr'><strong>,si</strong></span> <span class='ocrx_word' id='word_1_341' title='bbox 488 4363 569 4409; x_wconf 91' lang='lat' dir='ltr'><strong>usus</strong></span> <span class='ocrx_word' id='word_1_342' title='bbox 599 4347 661 4408; x_wconf 90' lang='lat' dir='ltr'><strong>adi.</strong></span> <span class='ocrx_word' id='word_1_343' title='bbox 693 4343 817 4425; x_wconf 72' lang='grc' dir='ltr'><strong><em>ἐξαρκὴς</em></strong></span> <span class='ocrx_word' id='word_1_344' title='bbox 848 4362 913 4408; x_wconf 95' lang='lat' dir='ltr'><strong>non</strong></span> <span class='ocrx_word' id='word_1_345' title='bbox 942 4361 1036 4408; x_wconf 89' lang='lat' dir='ltr'><strong>rarus</strong></span> <span class='ocrx_word' id='word_1_346' title='bbox 1063 4347 1159 4421; x_wconf 90' lang='lat' dir='ltr'><strong>esset,</strong></span> <span class='ocrx_word' id='word_1_347' title='bbox 1184 4346 1302 4408; x_wconf 89' lang='lat' dir='ltr'><strong>saltem</strong></span> <span class='ocrx_word' id='word_1_348' title='bbox 1326 4346 1359 4406; x_wconf 89' lang='lat' dir='ltr'><strong>in</strong></span> 
     </span>
    </p>
   </div>
   <div class='ocr_carea' id='block_1_4' title="bbox 183 4627 1359 4776">
    <p class='ocr_par' dir='ltr' id='par_1_4' title="bbox 183 4627 1359 4776">
     <span class='ocr_line' id='line_1_36' title="bbox 215 4627 1359 4696; baseline -0.006 -13"><span class='ocrx_word' id='word_1_349' title='bbox 215 4630 235 4696; x_wconf 85' lang='lat'><strong>¹)</strong></span> <span class='ocrx_word' id='word_1_350' title='bbox 254 4633 364 4696; x_wconf 80' lang='lat' dir='ltr'><strong>optimis</strong></span> <span class='ocrx_word' id='word_1_351' title='bbox 382 4633 455 4682; x_wconf 82' lang='lat' dir='ltr'><strong>oodd.</strong></span> <span class='ocrx_word' id='word_1_352' title='bbox 473 4633 539 4681; x_wconf 77' lang='grc' dir='ltr'><strong><em>κοινὰ</em></strong></span> <span class='ocrx_word' id='word_1_353' title='bbox 558 4646 605 4694; x_wconf 83' lang='lat' dir='ltr'><strong>pro</strong></span> <span class='ocrx_word' id='word_1_354' title='bbox 624 4637 689 4694; x_wconf 74' lang='grc' dir='ltr'><strong><em>κοινῇ</em></strong></span> <span class='ocrx_word' id='word_1_355' title='bbox 705 4630 890 4691; x_wconf 76' lang='lat' dir='ltr'><strong>praebentibus</strong></span> <span class='ocrx_word' id='word_1_356' title='bbox 907 4631 961 4677; x_wconf 79' lang='lat' dir='ltr'><strong>iere</strong></span> <span class='ocrx_word' id='word_1_357' title='bbox 978 4641 1068 4676; x_wconf 88' lang='lat' dir='ltr'><strong>omnes</strong></span> <span class='ocrx_word' id='word_1_358' title='bbox 1085 4628 1158 4676; x_wconf 89' lang='lat' dir='ltr'><strong>editt.</strong></span> <span class='ocrx_word' id='word_1_359' title='bbox 1175 4629 1246 4676; x_wconf 83' lang='lat' dir='ltr'><strong>reete</strong></span> <span class='ocrx_word' id='word_1_360' title='bbox 1260 4627 1359 4676; x_wconf 85' lang='lat' dir='ltr'><strong>obtem·</strong></span> 
     </span>
     <span class='ocr_line' id='line_1_37' title="bbox 183 4707 1178 4776; baseline -0.007 -14"><span class='ocrx_word' id='word_1_361' title='bbox 183 4717 314 4776; x_wconf 85' lang='lat' dir='ltr'><strong>pararunt.</strong></span> <span class='ocrx_word' id='word_1_362' title='bbox 332 4715 427 4763; x_wconf 87' lang='lat' dir='ltr'><strong>Vereor</strong></span> <span class='ocrx_word' id='word_1_363' title='bbox 444 4717 474 4763; x_wconf 88' lang='lat' dir='ltr'><strong>nt</strong></span> <span class='ocrx_word' id='word_1_364' title='bbox 491 4729 523 4760; x_wconf 83' lang='lat' dir='ltr'><strong>an</strong></span> <span class='ocrx_word' id='word_1_365' title='bbox 540 4711 730 4773; x_wconf 74' lang='grc' dir='ltr'><strong><em>δνομιμιγμίνυκ</em></strong></span> <span class='ocrx_word' id='word_1_366' title='bbox 746 4724 794 4772; x_wconf 88' lang='lat' dir='ltr'><strong>pro</strong></span> <span class='ocrx_word' id='word_1_367' title='bbox 812 4709 992 4771; x_wconf 71' lang='grc' dir='ltr'><strong><em>ἀναμεμιγμένοι</em></strong></span> <span class='ocrx_word' id='word_1_368' title='bbox 1010 4707 1072 4756; x_wconf 81' lang='lat' dir='ltr'><strong>ferri</strong></span> <span class='ocrx_word' id='word_1_369' title='bbox 1089 4708 1178 4770; x_wconf 87' lang='lat' dir='ltr'><strong>possit.</strong></span> 
     </span>
    </p>
   </div>
   <div class='ocr_carea' id='block_1_5' title="bbox 0 0 1722 5175">
    <p class='ocr_par' dir='ltr' id='par_1_5' title="bbox 0 0 1722 5175">
     <span class='ocr_line' id='line_1_38' title="bbox 0 0 1722 5175; baseline 0 0"><span class='ocrx_word' id='word_1_370' title='bbox 0 0 1722 5175; x_wconf 95' lang='lat' dir='ltr'><strong> </strong></span> 
     </span>
    </p>
   </div>
  </div>
 </body>
</html>
