3417 5175
922 381 983 441 122

271 618 274 622 .
363 564 462 638 igitur
494 566 558 625 tria
591 564 647 624 illa
682 565 779 624 verba
809 570 905 636 (τοῦτο
937 563 1008 643 ὅπερ
1039 563 1127 635 ἐστίν)
1160 565 1255 639 plane
1285 564 1412 640 frigere,
1436 565 1544 624 immo

361 677 494 737 ridicule
524 677 707 753 adhaerere,
738 693 812 738 curn
840 694 944 751 neque
968 680 1008 740 ad
1030 700 1111 749 τινος
1135 671 1211 737 εἶναι
1234 693 1338 751 neque
1361 678 1402 737 ad
1426 677 1544 737 τούτων

359 790 472 850 referri
490 791 625 864 possint.
646 791 754 852 Etiam
773 792 807 851 in
827 793 927 852 438ss
947 792 1138 866 simpliciter
1158 793 1282 852 dictum
1302 793 1353 851 est
1374 789 1430 849 isa
1442 785 1465 869 γ’
1482 789 1548 850 ἐστί

359 912 480 962 τοιαῦτα
516 897 564 964 olo
600 898 679 963 εἷναί
705 926 766 965 του.
798 906 912 979 Itaque
943 906 1093 979 equidem
1126 920 1165 965 ea
1195 906 1308 979 utpote
1343 919 1361 963 e
1393 906 1544 977 margine

360 1017 489 1077 invecta
523 1018 656 1078 delenda
671 1010 692 1088 ¹)
727 1033 853 1079 censeo.
886 1019 1058 1093 adscripta
1089 1018 1229 1078 fortasse
1260 1020 1338 1078 sunt
1370 1019 1545 1092 abaliquo

361 1130 415 1203 qui
440 1132 536 1190 verba
559 1128 617 1189 ἔστι
640 1126 673 1189 di
696 1130 794 1207 δήπου
819 1131 924 1207 [lipom
948 1132 1109 1206 explicare
1129 1134 1265 1192 conatus
1286 1134 1365 1192 erat.
1388 1132 1544 1205 Madvigii

361 1245 395 1303 ca
427 1247 457 1313 (a
488 1244 616 1304 Baitero
645 1245 788 1318 probata)
819 1253 878 1303 τῶν
916 1244 1063 1319 (cieo)
1099 1243 1178 1316 τινὸς
1201 1238 1277 1304 εἶναι
1300 1246 1398 1319 recipi
1421 1248 1543 1321 potest,

361 1371 560 1429 quamquam
592 1358 725 1430 vulgata
755 1356 791 1416 od
822 1358 936 1418 τούτων
965 1358 1070 1434 θήσεις
1100 1366 1159 1416 τῶν
1182 1379 1261 1428 τινος
1276 1350 1298 1428 ²)
1323 1357 1399 1418 ierri
1421 1360 1542 1432 potest.

362 1470 536 1542 Sequentia
558 1472 669 1530 autem
693 1471 740 1531 sic
764 1472 884 1532 scribe:
910 1468 968 1529 iim
993 1467 1025 1530 oi
1049 1470 1147 1547 δήπου
1173 1470 1261 1547 δίψος
1286 1504 1328 1513 -
1347 1468 1462 1550 ’Ἐκγωγε
1481 1476 1544 1537 κτλ,

363 1585 541 1657 Postquam
571 1586 659 1645 enim
691 1585 840 1646 Socrates
872 1587 998 1659 rogavit
1028 1588 1159 1647 essetne
1190 1584 1279 1659 δίψος
1302 1593 1360 1644 τῶν
1387 1584 1539 1659 <οἵων>

361 1694 441 1767 τινὸς
471 1688 547 1755 εἶναι
578 1697 658 1766 (sive
682 1700 812 1758 essetne
836 1697 926 1772 δίψος
949 1696 1050 1774 τινὸς),
1075 1700 1226 1759 continuo
1248 1699 1343 1772 quasi
1367 1698 1450 1757 alter
1473 1698 1543 1758 iam

361 1811 579 1883 respondisset
604 1811 665 1871 sibi
688 1811 734 1872 ita
758 1812 858 1872 videri
883 1828 942 1872 nee
965 1812 1004 1872 de
1029 1827 1067 1873 ea
1087 1828 1122 1873 re
1141 1812 1279 1872 dubitari
1300 1826 1395 1886 posse
1419 1798 1543 1884 perrec-

361 1925 455 1984 turus
475 1926 545 1984 erat
572 1925 615 1984 ad
638 1925 842 1999 colliqeadam
866 1929 940 1995 (non
964 1925 1105 1998 amplius
1128 1927 1171 1986 ad
1196 1925 1468 2000 tataropendam,
1494 1924 1543 1984 sic

362 2037 442 2098 Bik.
470 2038 532 2097 Ast
562 2039 673 2098 Herm.
706 2038 864 2099 schmelz.
897 2037 1040 2113 Oampb.)
1068 2038 1157 2113 δίψος
1188 2054 1261 2099 1111
1291 2037 1442 2114 πώματος,
1465 2052 1543 2097 cum

362 2149 505 2210 Glaucen
518 2142 540 2221 3)
572 2165 648 2210 eum
678 2152 872 2225 interpellat.
901 2151 981 2213 Vide
1004 2152 1112 2213 simile
1137 2152 1293 2212 orationis
1316 2167 1440 2212 nexum
1466 2166 1542 2224 quo·

362 2264 534 2324 dammodo
564 2265 699 2325 turbans
730 2263 819 2345 iyayr
842 2281 873 2339 p.
898 2266 964 2326 410
987 2266 1023 2326 D.
1049 2266 1099 2327 Ad
1122 2265 1202 2326 illud
1225 2260 1258 2324 11
1280 2265 1325 2335 (11
1349 2262 1408 2323 ἔστι
1433 2259 1476 2335 di)
1500 2264 1542 2325 ei.

362 2378 457 2437 sodes
489 2379 552 2437 332
583 2378 609 2437 Β
640 2373 785 2453 ὀφείλεται
816 2375 874 2455 δέ,
904 2371 996 2455 οἶμαι,
1020 2381 1082 2440 337
1107 2379 1133 2438 D
1156 2377 1299 2456 προσήκει
1322 2375 1362 2437 δέ
1384 2399 1458 2437 που
1481 2382 1542 2437 κτλ.

363 2490 408 2550 De
431 2511 463 2568 γε
485 2493 559 2564 post
581 2489 671 2568 ἔγωγε
693 2491 810 2552 iterato
834 2492 896 2552 vid.
922 2494 962 2553 ad
987 2492 1051 2552 348
1066 2491 1098 2553 G.
1120 2492 1214 2552 Haud
1234 2490 1375 2552 difficilis
1387 2492 1443 2552 ille
1455 2492 1542 2565 geni·

362 2605 452 2664 rivus
473 2604 611 2681 πώματος
635 2607 797 2680 explicatu
820 2609 889 2668 est:
912 2623 988 2668 cum
1012 2608 1099 2668 enim
1123 2607 1189 2683 illa,
1213 2623 1295 2680 quae
1319 2622 1417 2680 supra
1436 2606 1542 2666 43813

362 2720 406 2779 in.
438 2719 596 2794 legantur,
629 2716 682 2778 ὅσα
705 2714 729 2798 γ’
755 2717 813 2779 ἐστὶ
836 2728 958 2780 τοιαῦτα
982 2713 1030 2779 οἷα
1055 2714 1133 2780 εἷναί
1152 2741 1205 2779 του
1228 2721 1308 2780 nihil
1331 2719 1419 2779 aliud
1443 2719 1540 2792 signi-

363 2833 461 2893 ficent
494 2849 592 2907 quarn
624 2830 679 2892 ὅσα
708 2826 731 2911 γ’
766 2831 826 2892 ἔστί
853 2855 917 2910 του,
947 2835 1051 2894 dicere
1080 2834 1156 2894 licet
1180 2830 1352 2909 ἐπιστήμην,
1375 2830 1464 2906 δίψος
1489 2834 1542 2892 111

362 2962 435 3007 1111
458 2947 599 3009 11111111.
620 2948 786 3009 Benedicti
806 2951 867 3009 0⁸³¹
887 2947 925 3025 δή
946 2969 998 3007 του
1018 2964 1074 3022 pro
1094 2946 1193 3036 11111
1214 2947 1395 3007 1111Β111.
1409 2946 1543 3021 recepit,

362 3060 457 3122 male.
490 3061 559 3118 vam
592 3062 617 3121 L
648 3063 854 3136 (optimorum
888 3063 987 3133 codd.)
1020 3061 1109 3137 δίψος
1137 3057 1165 3120 δ’
1182 3053 1238 3121 οὖν
1262 3077 1320 3142 pro
1341 3059 1431 3135 δίψος
1455 3052 1483 3117 d’
1500 3048 1541 3118 αὖ

362 3178 448 3250 prob.
473 3193 587 3238 omnes
610 3178 701 3239 editt.
725 3180 864 3251 (praeter
887 3177 1000 3238 Stallb.
1025 3178 1059 3237 et
1077 3173 1233 3253 Aetium),
1254 3176 1351 3252 male,
1371 3175 1447 3247 quia
1465 3174 1541 3247 post

362 3289 475 3350 οὐκοῦν
507 3291 646 3352 alterum
679 3283 734 3351 οὖν
757 3293 851 3366 plane
876 3294 1028 3352 otiosum.
1054 3290 1182 3364 corrige
1205 3292 1300 3351 sodes
1323 3288 1417 3366 μόνον
1442 3285 1538 3360 [αὐτὸ]

363 3403 453 3479 δίψος
482 3401 626 3480 πέφυκεν,
652 3406 737 3466 Siout
760 3405 863 3465 4380
886 3402 1030 3481 ἐπιστήμη
1054 3402 1129 3480 αὐτὴ
1154 3402 1332 3480 μαθήματος
1360 3401 1453 3462 αὐτοῦ
1476 3399 1542 3461 ἐπι·

311 3518 342 3583 Β
365 3517 460 3594 στήμη
492 3515 569 3576 ἐστὶν
592 3518 720 3593 legitur,
747 3534 811 3577 non
838 3516 990 3596 <αὐτὴ>
1022 3515 1165 3594 ἐπιστήμη
1190 3515 1274 3576 ἐστίν.
1300 3509 1320 3599 Η
1344 3516 1483 3589 Vulgata
1508 3515 1540 3574 τό

364 3651 397 3709 γε
420 3628 493 3690 αὐτὸ
515 3640 554 3712 τῷ
578 3629 657 3713 αὐτῷ
680 3605 788 3690 §aereo
811 3629 878 3709 περὶ
901 3630 932 3691 τὸ
956 3630 1098 3691 adriaci
1119 3647 1199 3691 1111
1220 3634 1364 3706 nonest,
1385 3629 1542 3703 quodbis

364 3745 450 3804 idem
483 3743 609 3820 dicitur,
640 3759 717 3804 nam
747 3752 786 3825 apl
817 3740 897 3826 αὐτῷ
928 3741 1035 3804 ἑαυτοῦ
1066 3745 1153 3805 idem
1177 3747 1228 3804 est
1251 3759 1289 3804 ac
1312 3741 1379 3823 περὶ
1401 3741 1433 3802 τὸ
1456 3741 1541 3802 αὐτό.

398 4025 416 4087 ¹)
437 4027 560 4075 Eiusdem
582 4027 724 4074 1111111111
744 4027 824 4073 fuisse
848 4028 899 4072 iam
922 4026 1050 4085 quendam
1068 4040 1091 4074 v.
1110 4026 1134 4072 d.
1152 4040 1166 4072 1
1183 4026 1271 4073 Diario
1289 4023 1418 4084 Academy
1436 4021 1471 4072 n0.
1492 4028 1543 4073 824

365 4109 479 4167 cognovi.
496 4107 568 4154 Idem
586 4108 720 4167 praeterea
737 4107 815 4154 verba
827 4112 897 4152 rotro
914 4107 969 4169 ὅπερ
986 4108 1046 4152 ἐστὶν
1061 4120 1076 4152 1
1091 4105 1169 4153 verbo
1185 4110 1266 4165 θήσεις
1280 4107 1393 4167 pendere
1410 4106 1542 4154 censebat.

364 4188 505 4245 Utramque
523 4187 669 4246 opinionem
687 4185 782 4231 ibidem
802 4186 826 4232 J.
846 4185 915 4231 dook
933 4185 1061 4232 wilsonus
1077 4185 1238 4246 improbavit.

397 4262 417 4330 ¹)
437 4269 471 4312 Τά
488 4282 549 4319 τινος
567 4269 628 4312 sunt
644 4280 682 4327 ea,
701 4279 767 4325 quae
784 4265 871 4323 aliqua
889 4279 916 4310 re
934 4264 1035 4310 definiri
1055 4264 1139 4310 solent
1157 4265 1173 4309 i.
1191 4277 1213 4310 e.
1232 4277 1297 4324 quae
1315 4279 1362 4325 per
1381 4278 1409 4311 11
1423 4267 1544 4324 spectata

362 4345 426 4391 nihil
450 4344 520 4391 aliud
544 4345 689 4403 significant
711 4357 788 4403 quam
813 4343 940 4389 actionem
964 4344 990 4388 in
1012 4343 1170 4398 universum,
1194 4343 1510 4411 11111111111111111,
1530 4348 1544 4403 ὴ

361 4428 475 4483 δπιστὴμη
500 4424 526 4469 τὸ
552 4427 702 4477 ἐπίστασθαι,
733 4423 780 4468 sed
811 4422 833 4467 si
859 4422 945 4480 aliquo
973 4421 1097 4467 attributo
1122 4421 1288 4479 definiuntur,
1310 4425 1365 4468 tum
1391 4422 1545 4480 generalem

361 4503 489 4550 actionem
507 4502 613 4548 definire
630 4502 758 4548 desinunt.

395 4578 416 4639 ³)
438 4582 547 4628 Prorsus
569 4594 671 4628 mecum
694 4582 756 4628 iacit
779 4578 920 4626 Schneider
938 4576 988 4641 (ed.
1008 4574 1099 4642 Paris.)
1117 4592 1215 4626 necnon
1233 4580 1252 4625 Ι.
1271 4581 1388 4638 Bywater
1405 4579 1431 4624 in
1449 4581 1544 4628 Journ.

364 4662 393 4712 oi
407 4661 500 4708 Philol.
521 4663 593 4708 1874.
