3417 5175
762 428 781 485 3

177 613 265 673 unde
297 613 400 674 altera
430 617 592 684 (πολιτεῖαι)
621 613 787 687 inscriptio
820 615 892 673 orta
922 614 976 689 sit,
1008 613 1135 674 nullum
1160 615 1286 675 certum
1307 604 1356 675 ¹re*-

176 742 338 801 sponsum
359 728 434 787 dare
453 742 599 803 possum,
620 728 677 787 sed
697 727 874 788 verisimile
895 742 967 787 esse
988 728 1068 788 duco
1090 728 1209 802 partim
1222 744 1259 788 eo
1275 730 1359 800 quod
1441 754 1445 761 ·

177 840 215 899 in
246 839 310 900 fine
341 841 446 913 operis
478 841 606 901 diversa
630 840 824 914 reipublicae
848 854 967 913 genera
991 844 1153 911 (πολιτεῖαι)
1179 842 1357 902 describan-

177 955 236 1014 tur
271 956 304 1013 et
338 956 578 1028 recenseantur,
613 954 730 1028 partim
764 968 899 1013 numero
931 952 1047 1027 plurali
1079 954 1208 1027 cognati
1231 954 1359 1030 dialogi,

178 1068 234 1127 cui
265 1064 366 1143 Νόμοι
396 1082 515 1127 nornen
545 1067 685 1127 inditum
717 1069 778 1143 est,
810 1067 954 1139 itemque
986 1081 1121 1127 numero
1153 1068 1269 1141 plurali
1293 1068 1361 1128 Ari·

179 1180 312 1241 stotelis
343 1182 520 1255 Πολιτικῶν,
550 1181 604 1240 ubi
633 1181 746 1240 eadem
770 1179 964 1254 reipublicae
988 1195 1107 1253 genera
1131 1181 1361 1242 examinantur

180 1309 267 1367 quae
298 1295 382 1369 apud
414 1294 593 1369 Platonem,
617 1294 770 1354 effectum
795 1308 869 1353 esse
892 1295 929 1353 ut
952 1294 984 1353 in
1010 1294 1129 1354 scholis
1152 1295 1246 1354 iuxta
1270 1297 1363 1353 Πολι-

179 1406 260 1479 τείας
295 1410 328 1469 et
363 1411 525 1468 Πολιτειῶτ
557 1422 675 1468 nomen
707 1407 866 1481 paulatim
897 1407 1080 1467 invaluerit.
1112 1406 1182 1467 Non
1206 1423 1287 1481 opus
1312 1411 1363 1467 est

181 1538 238 1581 me
261 1537 392 1583 monere
416 1522 449 1582 in
470 1538 509 1582 ea
532 1522 673 1582 nominis
698 1522 879 1581 mutatione
905 1521 1089 1581 Aristotelis
1114 1520 1269 1592 Πολιτείας
1294 1521 1361 1581 nul·

181 1636 249 1695 lius
278 1637 437 1697 momenti
468 1636 570 1696 fuisse
600 1635 701 1696 nimio
733 1635 919 1695 discrimine
944 1635 1027 1695 inter
1051 1636 1131 1695 haec
1154 1635 1216 1695 duo
1243 1635 1362 1709 scripta

183 1751 415 1811 intercedente.
1304 1724 1305 1728 Ἰ

229 1863 345 1923 Restat
378 1866 416 1924 ut
449 1865 489 1925 de
519 1864 669 1925 additicio
696 1864 792 1923 titulo
822 1860 890 1939 τιερλ
918 1862 1035 1922 δικαίου
1059 1879 1162 1938 pauca
1187 1863 1303 1924 dicam.
1329 1865 1361 1922 is

129 2039 134 2045 ,
182 1977 295 2052 procul
327 1978 422 2038 dubio
454 1993 518 2037 non
548 1993 568 2037 a
600 1977 733 2037 Platone
762 1977 909 2037 adiectus
932 1978 992 2051 est,
1017 1977 1074 2037 sed
1097 1976 1165 2037 falli
1189 1976 1361 2037 Schneider

183 2092 266 2152 mihi
291 2091 418 2150 videtur
440 2092 531 2150 ratus
555 2094 683 2164 propter
707 2090 859 2163 Diogenis
884 2087 943 2166 (ΙΙΙ
967 2091 1019 2159 57)
1045 2090 1142 2150 verba
1166 2105 1242 2149 euru
1267 2089 1361 2149 Thra·

183 2206 269 2279 syllo
303 2205 546 2265 attribuendum
582 2219 665 2264 esse.
698 2204 855 2279 Primum,
888 2218 970 2276 quae
1002 2204 1035 2262 et
1066 2202 1175 2263 Oobeti
1200 2204 1362 2263 sententia

184 2320 258 2393 fuit,
280 2334 343 2379 non
363 2320 402 2378 de
420 2318 476 2378 illo
497 2317 677 2392 Thrasyllo,
698 2318 752 2390 qui
772 2319 832 2378 sub
854 2318 980 2377 'liberio
999 2318 1117 2392 floruit,
1137 2319 1362 2392 cogitandum

185 2432 310 2507 deinde,
330 2431 461 2491 etiarnsi
480 2430 649 2504 Thrasyllo
670 2430 869 2503 dialogorum
890 2431 923 2489 in
940 2430 1129 2502 tetralogias
1142 2431 1257 2492 divisio
1270 2431 1362 2491 relin-

184 2546 312 2620 quenda
336 2548 387 2605 est
410 2544 497 2615 (licet
519 2543 615 2605 aliter
638 2544 782 2604 sentiant
806 2558 835 2603 v.
861 2559 890 2603 v.
917 2544 946 2604 d.
971 2543 1000 2604 d.
1026 2543 1151 2604 Usener
1179 2538 1198 2613 ¹)
1224 2548 1257 2605 et
1282 2545 1364 2606 Wei-

185 2659 250 2719 lius
275 2652 297 2728 ²)
321 2659 527 2734 Tyrannioni,
551 2658 696 2731 Dionysii
720 2658 853 2717 Thracis
878 2658 1043 2732 discipulo,
1065 2674 1138 2718 earn
1161 2660 1361 2732 tribuentes),

186 2773 321 2832 minime
364 2772 510 2844 sequitur
552 2786 628 2830 eum
670 2773 704 2830 et
742 2771 911 2830 additicios
945 2771 1058 2831 titulos
1095 2772 1211 2844 quibus
1246 2771 1363 2844 dialogi

186 2886 438 2961 distinguuntur,
481 2886 694 2958 excogitasse.
737 2886 855 2959 imme,
895 2887 931 2944 ut
967 2883 1175 2944 Alexandrini
1211 2884 1363 2944 Herodoti

185 2999 276 3058 libris
311 3014 481 3058 musarum
516 3000 649 3057 nomina
684 2999 799 3058 dedere
831 2998 882 3057 vel
913 2998 1047 3057 Homeri
1078 2998 1259 3071 rhapsodiis
1292 2997 1364 3056 illas

184 3112 304 3187 partim
327 3112 394 3171 iam
418 3112 450 3171 in
476 3111 592 3184 vulgus
614 3113 711 3189 notas
733 3111 960 3184 inscriptiones
983 3125 1065 3182 quae
1089 3111 1273 3183 argumenti
1293 3112 1363 3170 vice

185 3225 373 3300 iunguntur,
409 3226 522 3298 quales
556 3228 634 3286 sunt
667 3223 862 3302 τειχοσκοιτία,
901 3223 1026 3299 μήνιδος
1063 3220 1236 3302 δτιόρρησις,
1269 3224 1362 3300 aliae,

185 3341 379 3415 imposuere,
415 3341 462 3400 sic
498 3343 531 3399 et
563 3341 708 3400 Platonis
744 3340 880 3412 dialogis
914 3339 987 3399 illos
1022 3338 1136 3398 titulos
1166 3339 1361 3399 adiecerunt.

185 3455 237 3513 An
262 3470 337 3515 vero
360 3455 500 3514 alterum
526 3469 653 3544 quoque
680 3454 940 3515 additamentum
965 3451 1112 3523 ττολιτικὸς
1137 3452 1363 3513 Alexandrinis

185 3568 393 3627 tribuendum
428 3568 472 3627 sit
508 3583 564 3643 pro
596 3570 683 3629 certo
714 3569 860 3627 statuere
891 3567 1074 3641 nequimus,
1107 3567 1169 3626 etsi
1200 3567 1305 3626 multa
1332 3567 1363 3627 id

185 3682 319 3754 probaie
350 3682 509 3741 videntur.
541 3681 590 3740 Ad
622 3681 700 3741 illud
731 3679 879 3751 πολιτικὸς
911 3681 981 3740 sine
1012 3680 1107 3741 dubio
1132 3679 1278 3758 διάλογος,
1300 3697 1363 3741 non

186 3792 273 3870 λόγος
303 3809 406 3867 neque
438 3791 515 3870 ἀνὴρ
545 3794 802 3854 subaudiendum
834 3796 894 3869 est,
925 3796 962 3852 ut
985 3794 1058 3866 quis
1081 3794 1109 3852 si
1132 3793 1215 3854 forte
1239 3794 1364 3854 dubitat

187 3907 305 3968 eclar.
331 3907 368 3966 R.
393 3907 528 3968 Hirzelii
551 3907 701 3977 (Hermes
728 3909 823 3976 1876)
855 3907 1072 3980 disputatione
1096 3907 1217 3980 optime
1242 3908 1363 3966 discere

186 4022 304 4094 potest.

228 4133 299 4194 Non
330 4135 382 4195 hic
414 4137 464 4194 est
496 4135 586 4196 locus
611 4134 888 4195 commemorandi
912 4136 990 4206 quot
1013 4135 1216 4206 quantasque
1242 4135 1362 4192 contro-

187 4248 313 4307 versias
346 4247 432 4308 inter
466 4249 552 4308 viros
586 4248 698 4309 doctos
732 4247 835 4308 altera
866 4247 923 4307 illa
952 4245 1018 4324 περὶ
1051 4245 1167 4305 δικαίου
1199 4245 1364 4319 inscriptio

186 4361 356 4437 pepererit,
392 4362 472 4435 ipsis
502 4377 578 4423 vero
609 4361 752 4433 antiquis
776 4361 1003 4445 quaestionem
1028 4361 1066 4419 de
1090 4360 1232 4433 optimae
1260 4359 1363 4433 reipu-

220 4629 239 4697 ¹)
257 4633 314 4680 Vid.
334 4632 445 4692 Gottiug.
465 4634 521 4681 del.
539 4635 631 4682 Nachr.
652 4637 723 4681 1892.

217 4706 239 4772 2)
258 4713 347 4758 Journ.
367 4712 413 4758 des
431 4714 487 4760 Sar.
507 4715 579 4760 1892.
