<?xml version="1.0" encoding="UTF-8"?>
<!DOCTYPE html PUBLIC "-//W3C//DTD XHTML 1.0 Transitional//EN"
    "http://www.w3.org/TR/xhtml1/DTD/xhtml1-transitional.dtd">
<html xmlns="http://www.w3.org/1999/xhtml" xml:lang="en" lang="en">
 <head>
  <title>
</title>
<meta http-equiv="Content-Type" content="text/html;charset=utf-8" />
  <meta name='ocr-system' content='tesseract 3.04.00' />
  <meta name='ocr-capabilities' content='ocr_page ocr_carea ocr_par ocr_line ocrx_word'/>
</head>
<body>
  <div class='ocr_page' id='page_1' title='image "./notaecriticaead02hartgoog_0021.png"; bbox 0 0 3417 5175; ppageno 0'>
   <div class='ocr_carea' id='block_1_1' title="bbox 635 1575 905 1632">
    <p class='ocr_par' dir='ltr' id='par_1_1' title="bbox 635 1575 905 1632">
     <span class='ocr_line' id='line_1_1' title="bbox 635 1575 905 1632; baseline 0 -2"><span class='ocrx_word' id='word_1_1' title='bbox 635 1575 905 1632; x_wconf 82' lang='lat' dir='ltr'><em>HOAITEIA.</em></span> 
     </span>
    </p>
   </div>
   <div class='ocr_carea' id='block_1_2' title="bbox 673 1823 865 1830">
    <p class='ocr_par' dir='ltr' id='par_1_2' title="bbox 673 1823 865 1830">
     <span class='ocr_line' id='line_1_2' title="bbox 673 1823 865 1830; baseline 0.005 -2"><span class='ocrx_word' id='word_1_2' title='bbox 673 1823 865 1830; x_wconf 49' lang='grc' dir='ltr'><strong>ψ</strong></span> 
     </span>
    </p>
   </div>
   <div class='ocr_carea' id='block_1_3' title="bbox 179 2015 1357 2189">
    <p class='ocr_par' dir='ltr' id='par_1_3' title="bbox 179 2015 1357 2189">
     <span class='ocr_line' id='line_1_3' title="bbox 225 2015 1357 2092; baseline 0.004 -18"><span class='ocrx_word' id='word_1_3' title='bbox 225 2015 280 2092; x_wconf 90' lang='lat' dir='ltr'><strong>De</strong></span> <span class='ocrx_word' id='word_1_4' title='bbox 305 2017 399 2076; x_wconf 89' lang='lat' dir='ltr'><strong>titulo</strong></span> <span class='ocrx_word' id='word_1_5' title='bbox 433 2020 467 2076; x_wconf 87' lang='lat' dir='ltr'><strong>et</strong></span> <span class='ocrx_word' id='word_1_6' title='bbox 501 2016 539 2076; x_wconf 90' lang='lat' dir='ltr'><strong>de</strong></span> <span class='ocrx_word' id='word_1_7' title='bbox 573 2017 606 2075; x_wconf 93' lang='lat' dir='ltr'><strong>in</strong></span> <span class='ocrx_word' id='word_1_8' title='bbox 641 2017 753 2077; x_wconf 85' lang='lat' dir='ltr'><strong>decem</strong></span> <span class='ocrx_word' id='word_1_9' title='bbox 787 2017 885 2076; x_wconf 83' lang='lat' dir='ltr'><strong>libros</strong></span> <span class='ocrx_word' id='word_1_10' title='bbox 920 2018 1078 2079; x_wconf 88' lang='lat' dir='ltr'><strong>divisione</strong></span> <span class='ocrx_word' id='word_1_11' title='bbox 1110 2021 1190 2080; x_wconf 88' lang='lat' dir='ltr'><strong>haec</strong></span> <span class='ocrx_word' id='word_1_12' title='bbox 1222 2021 1357 2080; x_wconf 88' lang='lat' dir='ltr'><strong>dicenda</strong></span> 
     </span>
     <span class='ocr_line' id='line_1_4' title="bbox 179 2128 350 2189; baseline 0.012 -2"><span class='ocrx_word' id='word_1_13' title='bbox 179 2128 350 2189; x_wconf 88' lang='lat' dir='ltr'><strong>habemus.</strong></span> 
     </span>
    </p>
   </div>
   <div class='ocr_carea' id='block_1_4' title="bbox 757 2282 782 2341">
    <p class='ocr_par' dir='ltr' id='par_1_4' title="bbox 757 2282 782 2341">
     <span class='ocr_line' id='line_1_5' title="bbox 757 2282 782 2341; baseline 0 0"><span class='ocrx_word' id='word_1_14' title='bbox 757 2282 782 2341; x_wconf 93' lang='lat' dir='ltr'><strong>I.</strong></span> 
     </span>
    </p>
   </div>
   <div class='ocr_carea' id='block_1_5' title="bbox 95 2466 1358 4250">
    <p class='ocr_par' dir='ltr' id='par_1_5' title="bbox 127 2466 1358 4019">
     <span class='ocr_line' id='line_1_6' title="bbox 224 2466 1357 2544; baseline 0.004 -19"><span class='ocrx_word' id='word_1_15' title='bbox 224 2466 319 2526; x_wconf 89' lang='lat' dir='ltr'><strong>Nullo</strong></span> <span class='ocrx_word' id='word_1_16' title='bbox 341 2470 436 2540; x_wconf 89' lang='lat' dir='ltr'><strong>pacto</strong></span> <span class='ocrx_word' id='word_1_17' title='bbox 458 2468 597 2527; x_wconf 88' lang='lat' dir='ltr'><strong>dubitari</strong></span> <span class='ocrx_word' id='word_1_18' title='bbox 617 2470 725 2542; x_wconf 85' lang='lat' dir='ltr'><strong>potest</strong></span> <span class='ocrx_word' id='word_1_19' title='bbox 749 2469 825 2540; x_wconf 87' lang='lat' dir='ltr'><strong>quin</strong></span> <span class='ocrx_word' id='word_1_20' title='bbox 850 2468 943 2528; x_wconf 90' lang='lat' dir='ltr'><strong>Plato</strong></span> <span class='ocrx_word' id='word_1_21' title='bbox 964 2470 1023 2528; x_wconf 91' lang='lat' dir='ltr'><strong>hoc</strong></span> <span class='ocrx_word' id='word_1_22' title='bbox 1044 2484 1124 2544; x_wconf 92' lang='lat' dir='ltr'><strong>opus</strong></span> <span class='ocrx_word' id='word_1_23' title='bbox 1145 2486 1242 2530; x_wconf 89' lang='lat' dir='ltr'><strong>suum</strong></span> <span class='ocrx_word' id='word_1_24' title='bbox 1265 2473 1357 2530; x_wconf 88' lang='grc' dir='ltr'><em>Πολι-</em></span> 
     </span>
     <span class='ocr_line' id='line_1_7' title="bbox 179 2578 1357 2657; baseline 0.006 -19"><span class='ocrx_word' id='word_1_25' title='bbox 179 2578 257 2652; x_wconf 82' lang='grc' dir='ltr'><em>τείας</em></span> <span class='ocrx_word' id='word_1_26' title='bbox 288 2581 418 2641; x_wconf 88' lang='lat' dir='ltr'><strong>nomlne</strong></span> <span class='ocrx_word' id='word_1_27' title='bbox 448 2581 664 2655; x_wconf 79' lang='lat' dir='ltr'><strong>inscripserit:</strong></span> <span class='ocrx_word' id='word_1_28' title='bbox 696 2583 729 2642; x_wconf 86' lang='lat' dir='ltr'><strong>et</strong></span> <span class='ocrx_word' id='word_1_29' title='bbox 752 2582 855 2642; x_wconf 86' lang='lat' dir='ltr'><strong>testes</strong></span> <span class='ocrx_word' id='word_1_30' title='bbox 881 2581 980 2642; x_wconf 90' lang='lat' dir='ltr'><strong>citare</strong></span> <span class='ocrx_word' id='word_1_31' title='bbox 1005 2582 1126 2642; x_wconf 85' lang='lat' dir='ltr'><strong>multos</strong></span> <span class='ocrx_word' id='word_1_32' title='bbox 1150 2600 1268 2657; x_wconf 88' lang='lat' dir='ltr'><strong>eosque</strong></span> <span class='ocrx_word' id='word_1_33' title='bbox 1295 2582 1357 2645; x_wconf 88' lang='lat' dir='ltr'><strong>fide</strong></span> 
     </span>
     <span class='ocr_line' id='line_1_8' title="bbox 181 2695 1354 2771; baseline 0.003 -17"><span class='ocrx_word' id='word_1_34' title='bbox 181 2695 390 2767; x_wconf 84' lang='lat' dir='ltr'><strong>dignissimos</strong></span> <span class='ocrx_word' id='word_1_35' title='bbox 413 2710 597 2769; x_wconf 89' lang='lat' dir='ltr'><strong>possumus,</strong></span> <span class='ocrx_word' id='word_1_36' title='bbox 622 2710 672 2754; x_wconf 82' lang='lat' dir='ltr'><strong>err.</strong></span> <span class='ocrx_word' id='word_1_37' title='bbox 697 2709 743 2768; x_wconf 86' lang='lat' dir='ltr'><strong>gr.</strong></span> <span class='ocrx_word' id='word_1_38' title='bbox 768 2695 979 2754; x_wconf 80' lang='lat' dir='ltr'><strong>Aristotelem</strong></span> <span class='ocrx_word' id='word_1_39' title='bbox 1004 2696 1138 2771; x_wconf 88' lang='lat' dir='ltr'><strong>passim,</strong></span> <span class='ocrx_word' id='word_1_40' title='bbox 1169 2696 1354 2758; x_wconf 75' lang='lat' dir='ltr'><strong>Ciceronem</strong></span> 
     </span>
     <span class='ocr_line' id='line_1_9' title="bbox 180 2808 1355 2883; baseline 0.003 -16"><span class='ocrx_word' id='word_1_41' title='bbox 180 2809 214 2868; x_wconf 89' lang='lat' dir='ltr'><strong>lu</strong></span> <span class='ocrx_word' id='word_1_42' title='bbox 245 2809 284 2869; x_wconf 94' lang='lat' dir='ltr'><strong>de</strong></span> <span class='ocrx_word' id='word_1_43' title='bbox 314 2809 419 2868; x_wconf 88' lang='lat' dir='ltr'><strong>Divin.</strong></span> <span class='ocrx_word' id='word_1_44' title='bbox 456 2810 484 2868; x_wconf 93' lang='lat'><strong>1.</strong></span> <span class='ocrx_word' id='word_1_45' title='bbox 507 2809 559 2881; x_wconf 82' lang='lat'><strong>29,</strong></span> <span class='ocrx_word' id='word_1_46' title='bbox 588 2808 747 2868; x_wconf 77' lang='lat' dir='ltr'><strong>Galerium</strong></span> <span class='ocrx_word' id='word_1_47' title='bbox 770 2809 802 2867; x_wconf 90' lang='lat' dir='ltr'><strong>in</strong></span> <span class='ocrx_word' id='word_1_48' title='bbox 827 2809 867 2869; x_wconf 93' lang='lat' dir='ltr'><strong>de</strong></span> <span class='ocrx_word' id='word_1_49' title='bbox 890 2808 1013 2868; x_wconf 89' lang='lat' dir='ltr'><strong>Platon.</strong></span> <span class='ocrx_word' id='word_1_50' title='bbox 1039 2810 1072 2868; x_wconf 89' lang='lat' dir='ltr'><strong>et</strong></span> <span class='ocrx_word' id='word_1_51' title='bbox 1096 2810 1280 2883; x_wconf 89' lang='lat' dir='ltr'><strong>Hippocrat.</strong></span> <span class='ocrx_word' id='word_1_52' title='bbox 1306 2811 1355 2871; x_wconf 86' lang='lat' dir='ltr'><strong>de·</strong></span> 
     </span>
     <span class='ocr_line' id='line_1_10' title="bbox 127 2904 1351 2998; baseline 0 -15"><span class='ocrx_word' id='word_1_53' title='bbox 127 2904 136 2917; x_wconf 51' lang='lat'><em>⁰</em></span> <span class='ocrx_word' id='word_1_54' title='bbox 179 2924 277 2983; x_wconf 81' lang='lat' dir='ltr'><strong>eretis</strong></span> <span class='ocrx_word' id='word_1_55' title='bbox 307 2936 337 2996; x_wconf 81' lang='lat' dir='ltr'><strong>p,</strong></span> <span class='ocrx_word' id='word_1_56' title='bbox 371 2923 434 2981; x_wconf 79' lang='lat'><strong>735</strong></span> <span class='ocrx_word' id='word_1_57' title='bbox 464 2918 538 2979; x_wconf 83' lang='grc' dir='ltr'><em>κατὰ</em></span> <span class='ocrx_word' id='word_1_58' title='bbox 568 2919 601 2980; x_wconf 87' lang='grc' dir='ltr'><em>τὸ</em></span> <span class='ocrx_word' id='word_1_59' title='bbox 631 2917 764 2996; x_wconf 79' lang='grc' dir='ltr'><em>πέμπτον</em></span> <span class='ocrx_word' id='word_1_60' title='bbox 786 2928 838 2998; x_wconf 78' lang='grc' dir='ltr'><em>τῆς</em></span> <span class='ocrx_word' id='word_1_61' title='bbox 864 2919 1028 2996; x_wconf 79' lang='grc' dir='ltr'><em>Πολιτείας,</em></span> <span class='ocrx_word' id='word_1_62' title='bbox 1052 2920 1151 2982; x_wconf 79' lang='lat' dir='ltr'><strong>Glem.</strong></span> <span class='ocrx_word' id='word_1_63' title='bbox 1177 2922 1351 2984; x_wconf 84' lang='lat' dir='ltr'><strong>Alexandr.</strong></span> 
     </span>
     <span class='ocr_line' id='line_1_11' title="bbox 180 3033 1352 3110; baseline 0.001 -15"><span class='ocrx_word' id='word_1_64' title='bbox 180 3036 298 3096; x_wconf 88' lang='lat' dir='ltr'><strong>Strom.</strong></span> <span class='ocrx_word' id='word_1_65' title='bbox 334 3036 382 3094; x_wconf 89' lang='lat' dir='ltr'><strong>HI</strong></span> <span class='ocrx_word' id='word_1_66' title='bbox 412 3051 441 3108; x_wconf 94' lang='lat' dir='ltr'><strong>p.</strong></span> <span class='ocrx_word' id='word_1_67' title='bbox 467 3037 542 3110; x_wconf 83' lang='lat'>519,</span> <span class='ocrx_word' id='word_1_68' title='bbox 574 3033 765 3094; x_wconf 74' lang='lat' dir='ltr'><strong>clearchum</strong></span> <span class='ocrx_word' id='word_1_69' title='bbox 798 3034 975 3108; x_wconf 83' lang='lat' dir='ltr'><strong>Solensem,</strong></span> <span class='ocrx_word' id='word_1_70' title='bbox 1003 3035 1056 3106; x_wconf 87' lang='lat' dir='ltr'><strong>qui</strong></span> <span class='ocrx_word' id='word_1_71' title='bbox 1080 3036 1210 3108; x_wconf 80' lang='lat' dir='ltr'><strong>scripsit</strong></span> <span class='ocrx_word' id='word_1_72' title='bbox 1233 3037 1352 3096; x_wconf 92' lang='lat' dir='ltr'><strong>librum</strong></span> 
     </span>
     <span class='ocr_line' id='line_1_12' title="bbox 179 3145 1352 3231; baseline 0.001 -25"><span class='ocrx_word' id='word_1_73' title='bbox 179 3146 246 3226; x_wconf 76' lang='grc' dir='ltr'><em>περὶ</em></span> <span class='ocrx_word' id='word_1_74' title='bbox 274 3157 333 3207; x_wconf 86' lang='grc' dir='ltr'><em>τῶν</em></span> <span class='ocrx_word' id='word_1_75' title='bbox 365 3146 396 3207; x_wconf 80' lang='grc' dir='ltr'><strong>ἐν</strong></span> <span class='ocrx_word' id='word_1_76' title='bbox 426 3157 461 3231; x_wconf 74' lang='grc' dir='ltr'><em>τῇ</em></span> <span class='ocrx_word' id='word_1_77' title='bbox 495 3146 654 3218; x_wconf 82' lang='grc' dir='ltr'><em>Πλάτωνος</em></span> <span class='ocrx_word' id='word_1_78' title='bbox 687 3145 824 3228; x_wconf 79' lang='grc' dir='ltr'><strong><em>Πολιτείᾳ</em></strong></span> <span class='ocrx_word' id='word_1_79' title='bbox 848 3150 1067 3223; x_wconf 77' lang='grc' dir='ltr'><em>μαθηματικῶν</em></span> <span class='ocrx_word' id='word_1_80' title='bbox 1090 3145 1253 3224; x_wconf 80' lang='grc' dir='ltr'><em>εἰρημένων</em></span> <span class='ocrx_word' id='word_1_81' title='bbox 1278 3150 1352 3219; x_wconf 86' lang='lat' dir='ltr'><strong>(vid.</strong></span> 
     </span>
     <span class='ocr_line' id='line_1_13' title="bbox 180 3240 1358 3339; baseline 0.001 -19"><span class='ocrx_word' id='word_1_82' title='bbox 180 3240 308 3322; x_wconf 79' lang='lat' dir='ltr'><strong>Athen.</strong></span> <span class='ocrx_word' id='word_1_83' title='bbox 321 3262 390 3338; x_wconf 86' lang='lat' dir='ltr'>IX),</span> <span class='ocrx_word' id='word_1_84' title='bbox 419 3263 594 3334; x_wconf 82' lang='lat' dir='ltr'><strong>Diogenem</strong></span> <span class='ocrx_word' id='word_1_85' title='bbox 618 3261 783 3320; x_wconf 90' lang='lat' dir='ltr'><strong>Laertium</strong></span> <span class='ocrx_word' id='word_1_86' title='bbox 807 3260 855 3318; x_wconf 89' lang='grc' dir='ltr'><strong>ΙΙΙ</strong></span> <span class='ocrx_word' id='word_1_87' title='bbox 880 3261 922 3318; x_wconf 88' lang='grc'><strong>60</strong></span> <span class='ocrx_word' id='word_1_88' title='bbox 946 3258 1077 3319; x_wconf 77' lang='grc' dir='ltr'><em>πολιτεία</em></span> <span class='ocrx_word' id='word_1_89' title='bbox 1101 3256 1121 3338; x_wconf 75' lang='grc' dir='ltr'><strong>λλ</strong></span> <span class='ocrx_word' id='word_1_90' title='bbox 1144 3257 1211 3339; x_wconf 77' lang='grc' dir='ltr'><em>περὶ</em></span> <span class='ocrx_word' id='word_1_91' title='bbox 1231 3260 1358 3337; x_wconf 81' lang='grc' dir='ltr'><em>δικαίου,</em></span> 
     </span>
     <span class='ocr_line' id='line_1_14' title="bbox 180 3367 1357 3452; baseline 0.001 -19"><span class='ocrx_word' id='word_1_92' title='bbox 180 3374 338 3452; x_wconf 82' lang='grc' dir='ltr'><em>πολιτικός,</em></span> <span class='ocrx_word' id='word_1_93' title='bbox 370 3375 709 3449; x_wconf 79' lang='lat' dir='ltr'><strong>Eusebiumpassim,</strong></span> <span class='ocrx_word' id='word_1_94' title='bbox 741 3373 891 3433; x_wconf 89' lang='lat' dir='ltr'><strong>Proclum</strong></span> <span class='ocrx_word' id='word_1_95' title='bbox 919 3367 957 3448; x_wconf 87' lang='lat'><strong>¹);</strong></span> <span class='ocrx_word' id='word_1_96' title='bbox 991 3374 1025 3433; x_wconf 91' lang='lat' dir='ltr'><strong>et</strong></span> <span class='ocrx_word' id='word_1_97' title='bbox 1056 3374 1179 3433; x_wconf 87' lang='lat' dir='ltr'><strong>scimus</strong></span> <span class='ocrx_word' id='word_1_98' title='bbox 1210 3376 1243 3434; x_wconf 86' lang='lat' dir='ltr'><strong>ot</strong></span> <span class='ocrx_word' id='word_1_99' title='bbox 1275 3373 1357 3434; x_wconf 90' lang='lat' dir='ltr'><strong>alios</strong></span> 
     </span>
     <span class='ocr_line' id='line_1_15' title="bbox 181 3463 1356 3565; baseline -0.001 -16"><span class='ocrx_word' id='word_1_100' title='bbox 181 3463 354 3563; x_wconf 85' lang='lat' dir='ltr'><strong>scriptores</strong></span> <span class='ocrx_word' id='word_1_101' title='bbox 377 3489 535 3550; x_wconf 89' lang='lat' dir='ltr'><strong>eiusmodi</strong></span> <span class='ocrx_word' id='word_1_102' title='bbox 558 3488 688 3563; x_wconf 87' lang='lat' dir='ltr'><strong>scriptis</strong></span> <span class='ocrx_word' id='word_1_103' title='bbox 710 3489 797 3548; x_wconf 90' lang='lat' dir='ltr'><strong>idem</strong></span> <span class='ocrx_word' id='word_1_104' title='bbox 820 3502 939 3547; x_wconf 92' lang='lat' dir='ltr'><strong>nomen</strong></span> <span class='ocrx_word' id='word_1_105' title='bbox 963 3487 1090 3548; x_wconf 87' lang='lat' dir='ltr'><strong>dedisse</strong></span> <span class='ocrx_word' id='word_1_106' title='bbox 1124 3488 1356 3565; x_wconf 80' lang='lat' dir='ltr'><strong>(Protagoram,</strong></span> 
     </span>
     <span class='ocr_line' id='line_1_16' title="bbox 181 3595 1358 3682; baseline -0.001 -20"><span class='ocrx_word' id='word_1_107' title='bbox 181 3603 410 3664; x_wconf 83' lang='lat' dir='ltr'><strong>Antisthenem</strong></span> <span class='ocrx_word' id='word_1_108' title='bbox 435 3597 457 3673; x_wconf 86' lang='lat'><strong>²)</strong></span> <span class='ocrx_word' id='word_1_109' title='bbox 481 3599 548 3681; x_wconf 81' lang='grc' dir='ltr'><em>περὶ</em></span> <span class='ocrx_word' id='word_1_110' title='bbox 570 3601 665 3678; x_wconf 87' lang='grc' dir='ltr'><em>νόμου</em></span> <span class='ocrx_word' id='word_1_111' title='bbox 688 3598 708 3679; x_wconf 74' lang='grc' dir='ltr'><strong>ἢ</strong></span> <span class='ocrx_word' id='word_1_112' title='bbox 732 3598 799 3680; x_wconf 80' lang='grc' dir='ltr'><em>περὶ</em></span> <span class='ocrx_word' id='word_1_113' title='bbox 821 3600 978 3677; x_wconf 81' lang='grc' dir='ltr'><em>πολιτείας,</em></span> <span class='ocrx_word' id='word_1_114' title='bbox 1001 3602 1219 3662; x_wconf 77' lang='lat' dir='ltr'><strong>Xenocratem</strong></span> <span class='ocrx_word' id='word_1_115' title='bbox 1246 3595 1267 3672; x_wconf 85' lang='grc'><strong>3)</strong></span> <span class='ocrx_word' id='word_1_116' title='bbox 1291 3599 1358 3682; x_wconf 81' lang='grc' dir='ltr'><em>περὶ</em></span> 
     </span>
     <span class='ocr_line' id='line_1_17' title="bbox 180 3710 1358 3793; baseline -0.001 -18"><span class='ocrx_word' id='word_1_117' title='bbox 180 3715 336 3793; x_wconf 83' lang='grc' dir='ltr'><em>πολιτείας,</em></span> <span class='ocrx_word' id='word_1_118' title='bbox 365 3731 564 3790; x_wconf 85' lang='lat' dir='ltr'><strong>quamquam</strong></span> <span class='ocrx_word' id='word_1_119' title='bbox 595 3717 624 3774; x_wconf 93' lang='lat' dir='ltr'><strong>is</strong></span> <span class='ocrx_word' id='word_1_120' title='bbox 655 3715 739 3789; x_wconf 89' lang='lat' dir='ltr'><strong>apud</strong></span> <span class='ocrx_word' id='word_1_121' title='bbox 768 3714 900 3774; x_wconf 88' lang='lat' dir='ltr'><strong>Suidam</strong></span> <span class='ocrx_word' id='word_1_122' title='bbox 925 3710 992 3792; x_wconf 86' lang='grc' dir='ltr'><em>περὶ</em></span> <span class='ocrx_word' id='word_1_123' title='bbox 1015 3720 1067 3790; x_wconf 77' lang='grc' dir='ltr'><em>τῆς</em></span> <span class='ocrx_word' id='word_1_124' title='bbox 1091 3714 1253 3786; x_wconf 84' lang='grc' dir='ltr'><em>Πλάτωνος</em></span> <span class='ocrx_word' id='word_1_125' title='bbox 1275 3719 1358 3775; x_wconf 88' lang='grc' dir='ltr'><em>πολι-</em></span> 
     </span>
     <span class='ocr_line' id='line_1_18' title="bbox 181 3824 1358 3905; baseline 0 -16"><span class='ocrx_word' id='word_1_126' title='bbox 181 3830 258 3902; x_wconf 84' lang='grc' dir='ltr'><em>τείας</em></span> <span class='ocrx_word' id='word_1_127' title='bbox 294 3824 467 3905; x_wconf 78' lang='lat' dir='ltr'><strong>scripsisse</strong></span> <span class='ocrx_word' id='word_1_128' title='bbox 495 3831 617 3899; x_wconf 89' lang='lat' dir='ltr'><strong>fertur).</strong></span> <span class='ocrx_word' id='word_1_129' title='bbox 653 3829 776 3888; x_wconf 82' lang='lat' dir='ltr'><strong>Tamen</strong></span> <span class='ocrx_word' id='word_1_130' title='bbox 808 3828 875 3888; x_wconf 87' lang='lat' dir='ltr'><strong>iam</strong></span> <span class='ocrx_word' id='word_1_131' title='bbox 907 3826 1087 3900; x_wconf 86' lang='lat' dir='ltr'><strong>antiquitus</strong></span> <span class='ocrx_word' id='word_1_132' title='bbox 1118 3832 1245 3902; x_wconf 88' lang='lat' dir='ltr'><strong>praeter</strong></span> <span class='ocrx_word' id='word_1_133' title='bbox 1275 3831 1358 3890; x_wconf 92' lang='lat' dir='ltr'><strong>hanc</strong></span> 
     </span>
     <span class='ocr_line' id='line_1_19' title="bbox 180 3942 1357 4019; baseline -0.003 -14"><span class='ocrx_word' id='word_1_134' title='bbox 180 3946 423 4019; x_wconf 88' lang='lat' dir='ltr'><strong>inscriptionem</strong></span> <span class='ocrx_word' id='word_1_135' title='bbox 454 3947 488 4004; x_wconf 94' lang='lat' dir='ltr'><strong>et</strong></span> <span class='ocrx_word' id='word_1_136' title='bbox 515 3944 579 4003; x_wconf 91' lang='lat' dir='ltr'><strong>alia</strong></span> <span class='ocrx_word' id='word_1_137' title='bbox 601 3943 793 4017; x_wconf 86' lang='lat' dir='ltr'><strong>pervulgata</strong></span> <span class='ocrx_word' id='word_1_138' title='bbox 816 3942 894 4001; x_wconf 89' lang='lat' dir='ltr'><strong>fuit:</strong></span> <span class='ocrx_word' id='word_1_139' title='bbox 918 3956 996 4000; x_wconf 88' lang='lat' dir='ltr'><strong>nam</strong></span> <span class='ocrx_word' id='word_1_140' title='bbox 1022 3942 1137 4002; x_wconf 90' lang='lat' dir='ltr'><strong>Moeris</strong></span> <span class='ocrx_word' id='word_1_141' title='bbox 1161 3944 1279 4019; x_wconf 89' lang='lat' dir='ltr'><strong>rhetor,</strong></span> <span class='ocrx_word' id='word_1_142' title='bbox 1303 3945 1357 4015; x_wconf 87' lang='lat' dir='ltr'><strong>qui</strong></span> 
     </span>
    </p>

    <p class='ocr_par' dir='ltr' id='par_1_6' title="bbox 95 4053 1357 4250">
     <span class='ocr_line' id='line_1_20' title="bbox 181 4053 1356 4131; baseline -0.003 -13"><span class='ocrx_word' id='word_1_143' title='bbox 181 4059 241 4118; x_wconf 90' lang='lat' dir='ltr'><strong>sub</strong></span> <span class='ocrx_word' id='word_1_144' title='bbox 274 4058 435 4118; x_wconf 87' lang='lat' dir='ltr'><strong>Hadriano</strong></span> <span class='ocrx_word' id='word_1_145' title='bbox 465 4057 583 4131; x_wconf 86' lang='lat' dir='ltr'><strong>floruit,</strong></span> <span class='ocrx_word' id='word_1_146' title='bbox 615 4056 760 4115; x_wconf 89' lang='lat' dir='ltr'><strong>Platonis</strong></span> <span class='ocrx_word' id='word_1_147' title='bbox 794 4053 949 4124; x_wconf 84' lang='grc' dir='ltr'><em>Πολιτείας</em></span> <span class='ocrx_word' id='word_1_148' title='bbox 982 4058 1144 4115; x_wconf 85' lang='lat' dir='ltr'><strong>memorat</strong></span> <span class='ocrx_word' id='word_1_149' title='bbox 1176 4057 1249 4127; x_wconf 84' lang='lat' dir='ltr'><strong>(vid.</strong></span> <span class='ocrx_word' id='word_1_150' title='bbox 1282 4057 1302 4116; x_wconf 91' lang='lat' dir='ltr'><strong>i.</strong></span> <span class='ocrx_word' id='word_1_151' title='bbox 1327 4071 1356 4116; x_wconf 93' lang='lat' dir='ltr'><strong>a.</strong></span> 
     </span>
     <span class='ocr_line' id='line_1_21' title="bbox 95 4144 1357 4250; baseline -0.003 -19"><span class='ocrx_word' id='word_1_152' title='bbox 95 4144 98 4148; x_wconf 37' lang='grc'><strong><em>’</em></strong></span> <span class='ocrx_word' id='word_1_153' title='bbox 181 4189 212 4247; x_wconf 89' lang='lat' dir='ltr'><strong>p.</strong></span> <span class='ocrx_word' id='word_1_154' title='bbox 224 4173 297 4231; x_wconf 84' lang='lat'>-208</span> <span class='ocrx_word' id='word_1_155' title='bbox 316 4167 444 4250; x_wconf 78' lang='grc' dir='ltr'><em>λέγει-</em></span> <span class='ocrx_word' id='word_1_156' title='bbox 459 4186 503 4230; x_wconf 90' lang='lat' dir='ltr'><strong>so.</strong></span> <span class='ocrx_word' id='word_1_157' title='bbox 525 4159 651 4227; x_wconf 76' lang='grc' dir='ltr'><em>Πλάτων</em></span> <span class='ocrx_word' id='word_1_158' title='bbox 665 4202 706 4210; x_wconf 93' lang='lat'>-</span> <span class='ocrx_word' id='word_1_159' title='bbox 719 4170 873 4227; x_wconf 76' lang='grc' dir='ltr'><em>πολιτειῶν</em></span> <span class='ocrx_word' id='word_1_160' title='bbox 886 4170 914 4244; x_wconf 68' lang='lat' dir='ltr'><strong>p)</strong></span> <span class='ocrx_word' id='word_1_161' title='bbox 936 4168 970 4226; x_wconf 93' lang='lat' dir='ltr'><strong>et</strong></span> <span class='ocrx_word' id='word_1_162' title='bbox 982 4167 1229 4241; x_wconf 84' lang='lat' dir='ltr'><strong>olympiodorus</strong></span> <span class='ocrx_word' id='word_1_163' title='bbox 1242 4169 1274 4228; x_wconf 91' lang='lat' dir='ltr'><strong>in</strong></span> <span class='ocrx_word' id='word_1_164' title='bbox 1288 4169 1357 4227; x_wconf 89' lang='lat' dir='ltr'><strong>suis</strong></span> 
     </span>
    </p>
   </div>
   <div class='ocr_carea' id='block_1_6' title="bbox 186 4363 403 4370">
    <p class='ocr_par' dir='ltr' id='par_1_7' title="bbox 186 4363 403 4370">
     <span class='ocr_line' id='line_1_22' title="bbox 186 4363 403 4370; baseline -0.005 0"><span class='ocrx_word' id='word_1_165' title='bbox 186 4363 403 4370; x_wconf 81' lang='lat'><strong>-—-—-—.--—.</strong></span> 
     </span>
    </p>
   </div>
   <div class='ocr_carea' id='block_1_7' title="bbox 181 4475 1356 4780">
    <p class='ocr_par' dir='ltr' id='par_1_8' title="bbox 181 4475 1356 4622">
     <span class='ocr_line' id='line_1_23' title="bbox 215 4475 1356 4546; baseline -0.004 -16"><span class='ocrx_word' id='word_1_166' title='bbox 215 4478 235 4546; x_wconf 87' lang='lat'><strong>¹)</strong></span> <span class='ocrx_word' id='word_1_167' title='bbox 252 4483 352 4538; x_wconf 83' lang='lat' dir='ltr'><strong>Quibus</strong></span> <span class='ocrx_word' id='word_1_168' title='bbox 378 4482 439 4529; x_wconf 82' lang='lat' dir='ltr'><strong>addi</strong></span> <span class='ocrx_word' id='word_1_169' title='bbox 463 4484 572 4542; x_wconf 80' lang='lat' dir='ltr'><strong>possunt</strong></span> <span class='ocrx_word' id='word_1_170' title='bbox 597 4479 715 4527; x_wconf 74' lang='lat' dir='ltr'><strong>Hermiae</strong></span> <span class='ocrx_word' id='word_1_171' title='bbox 736 4476 845 4539; x_wconf 84' lang='lat' dir='ltr'><strong>(Oomm.</strong></span> <span class='ocrx_word' id='word_1_172' title='bbox 872 4479 898 4524; x_wconf 92' lang='lat' dir='ltr'><strong>in</strong></span> <span class='ocrx_word' id='word_1_173' title='bbox 922 4477 1050 4534; x_wconf 67' lang='lat' dir='ltr'><strong>Phrada),</strong></span> <span class='ocrx_word' id='word_1_174' title='bbox 1071 4478 1159 4524; x_wconf 71' lang='lat' dir='ltr'><strong>Theon</strong></span> <span class='ocrx_word' id='word_1_175' title='bbox 1178 4475 1264 4538; x_wconf 78' lang='lat' dir='ltr'><strong>(Prog.</strong></span> <span class='ocrx_word' id='word_1_176' title='bbox 1282 4492 1307 4538; x_wconf 90' lang='lat' dir='ltr'><strong>p.</strong></span> <span class='ocrx_word' id='word_1_177' title='bbox 1328 4480 1356 4525; x_wconf 91' lang='lat'><strong>11</strong></span> 
     </span>
     <span class='ocr_line' id='line_1_24' title="bbox 181 4561 607 4622; baseline -0.005 -14"><span class='ocrx_word' id='word_1_178' title='bbox 181 4561 222 4610; x_wconf 80' lang='lat' dir='ltr'><strong>ed</strong></span> <span class='ocrx_word' id='word_1_179' title='bbox 241 4562 343 4619; x_wconf 74' lang='lat' dir='ltr'><strong>(iram),</strong></span> <span class='ocrx_word' id='word_1_180' title='bbox 361 4563 538 4622; x_wconf 77' lang='lat' dir='ltr'><strong>Harpocratio‚</strong></span> <span class='ocrx_word' id='word_1_181' title='bbox 556 4561 607 4607; x_wconf 78' lang='lat' dir='ltr'><strong>clii.</strong></span> 
     </span>
    </p>

    <p class='ocr_par' dir='ltr' id='par_1_9' title="bbox 213 4635 521 4702">
     <span class='ocr_line' id='line_1_25' title="bbox 213 4635 521 4702; baseline -0.003 -14"><span class='ocrx_word' id='word_1_182' title='bbox 213 4635 235 4702; x_wconf 63' lang='grc'><strong>2)</strong></span> <span class='ocrx_word' id='word_1_183' title='bbox 253 4639 327 4700; x_wconf 78' lang='lat' dir='ltr'><strong>Diog.</strong></span> <span class='ocrx_word' id='word_1_184' title='bbox 345 4642 429 4687; x_wconf 81' lang='lat' dir='ltr'><strong>Laert.</strong></span> <span class='ocrx_word' id='word_1_185' title='bbox 444 4642 478 4688; x_wconf 89' lang='lat' dir='ltr'><strong>IV</strong></span> <span class='ocrx_word' id='word_1_186' title='bbox 498 4643 521 4687; x_wconf 89' lang='grc'><strong>6.</strong></span> 
     </span>
    </p>

    <p class='ocr_par' dir='ltr' id='par_1_10' title="bbox 214 4716 542 4780">
     <span class='ocr_line' id='line_1_26' title="bbox 214 4716 542 4780; baseline -0.003 -13"><span class='ocrx_word' id='word_1_187' title='bbox 214 4716 235 4780; x_wconf 88' lang='lat'><strong>³)</strong></span> <span class='ocrx_word' id='word_1_188' title='bbox 256 4721 328 4780; x_wconf 83' lang='lat' dir='ltr'><strong>Diog.</strong></span> <span class='ocrx_word' id='word_1_189' title='bbox 347 4720 432 4766; x_wconf 77' lang='lat' dir='ltr'><strong>Lacrt.</strong></span> <span class='ocrx_word' id='word_1_190' title='bbox 451 4720 485 4766; x_wconf 89' lang='lat' dir='ltr'><strong>IV</strong></span> <span class='ocrx_word' id='word_1_191' title='bbox 504 4722 542 4766; x_wconf 73' lang='lat'><strong>12.</strong></span> 
     </span>
    </p>
   </div>
   <div class='ocr_carea' id='block_1_8' title="bbox 0 0 1717 5175">
    <p class='ocr_par' dir='ltr' id='par_1_11' title="bbox 0 0 1717 5175">
     <span class='ocr_line' id='line_1_27' title="bbox 0 0 1717 5175; baseline 0 0"><span class='ocrx_word' id='word_1_192' title='bbox 0 0 1717 5175; x_wconf 95' lang='lat' dir='ltr'><strong> </strong></span> 
     </span>
    </p>
   </div>
  </div>
 </body>
</html>
