3417 5175
768 375 811 435 45

165 554 170 563 ¹
196 572 298 641 ψυχῆς
328 557 405 623 εἶναι
435 566 631 643 δικαιοσύνην
657 567 715 624 κτλ.
740 566 776 623 In
800 561 958 636 proximis
983 573 1058 621 vero
1083 563 1164 635 (0pr
1187 560 1260 635 XX,
1284 559 1374 630 XXI)

157 704 160 706 *
199 679 458 759 διωμολογήσαντο
489 682 539 749 (cf.
573 683 637 742 350
649 681 687 749 D)
717 676 771 754 τὴν
803 676 998 752 δικαιοσύνην
1029 670 1136 750 ἀρετὴν
1159 666 1244 748 εἶναι,
1265 670 1320 749 τὴν
1345 668 1377 731 δὲ

199 791 320 853 ἀδικίαν
351 794 458 854 κακίαν
489 796 540 865 (of.
572 798 605 856 et
638 794 701 854 348
714 797 750 869 ο),
778 807 842 865 qua
866 790 1078 852 conventione
1102 802 1187 847 nunc
1209 788 1313 846 utitur
1336 788 1376 847 ad

199 909 488 969 demonstrandum
516 909 624 983 justos
654 903 777 984 άμεινον
808 906 862 981 ζῆν
889 904 940 975 (cf.
967 904 1029 962 352
1043 902 1079 972 D)
1104 916 1202 975 quam
1227 901 1376 961 iniustos.

200 1021 235 1081 Si
265 1020 363 1093 igitur
392 1020 426 1080 in
458 1020 564 1081 verbis
587 1019 632 1089 (E)
656 1016 771 1097 ἀνάγκη
795 1013 853 1094 ἄρα
877 1024 954 1098 κακῇ
976 1024 1060 1098 ψυχῇ
1084 1023 1182 1085 κακῶς
1205 1010 1304 1093 ἄρχειν
1327 1011 1378 1074 καὶ

201 1130 404 1211 ἐπιμελεῖσθαι
423 1135 454 1204 (i.
468 1150 495 1194 e.
516 1134 580 1211 ζῆν)
600 1135 650 1191 κτλ
669 1147 726 1206 pro
744 1139 822 1213 κακῇ
841 1129 1051 1189 substitueris
1071 1125 1169 1210 άδίκχ,
1181 1128 1378 1189 obtinebitur

200 1248 364 1309 conclusio
391 1242 410 1323 ἡ
434 1242 488 1324 μὲν
511 1242 569 1324 δρα
592 1244 692 1304 δικαία
717 1241 800 1322 ψυχὴ
824 1234 858 1302 εδ
881 1242 1027 1321 βιώσεται,
1049 1250 1146 1312 κακῶς
1171 1237 1202 1300 δὲ
1226 1237 1242 1299 δ
1266 1238 1377 1311 ἄδικος

201 1362 388 1436 Legendum
418 1361 517 1435 igitur
547 1375 662 1420 censeo
693 1360 756 1419 sic:
791 1356 911 1419 Οὐκοῦν
943 1353 1050 1434 ἀρετήν
1078 1376 1110 1433 γε
1133 1353 1378 1433 συνεχωρήσαμεν

201 1468 279 1535 εἶναι
302 1473 497 1551 δικαιοσύνην
519 1477 578 1532 κτλ.

50 1588 110 1647 354
140 1581 176 1649 Α
245 1588 370 1649 Nabero
391 1587 525 1658 (comm.
548 1586 629 1647 Plat.
651 1587 667 1645 Ι
688 1587 784 1656 1862)
806 1584 978 1658 corrigenti
999 1575 1162 1661 ὦμακάριε
1177 1582 1377 1661 [Θρασύμαχε]

200 1718 265 1762 non
296 1702 467 1777 assentior,
498 1700 574 1774 quia
605 1701 679 1774 post
711 1699 877 1759 vocatives
908 1689 931 1756 ὦ
962 1695 1096 1774 μακάριε,
1126 1685 1380 1771 canopica&

202 1814 337 1892 δαιμόνιε
371 1815 504 1876 nomina
538 1814 665 1887 propria
700 1813 776 1873 ferri
810 1827 906 1886 posse
936 1812 1051 1872 iudico.
1084 1810 1133 1869 Ex
1165 1809 1380 1883 Aristophane

202 1917 312 2003 (quem
340 1929 446 2003 isqui
470 1929 640 1989 Platonem
664 1926 753 2002 legit,
778 1927 964 1987 recordetur
986 1940 1119 1985 necesse
1143 1926 1203 1994 est)
1226 1921 1381 1982 nonnulla

202 2042 354 2115 exempla
376 2056 542 2116 promam:
566 2041 600 2100 in
624 2041 762 2100 Acharn.
784 2029 807 2098 ὦ
826 2032 1006 2117 τρισμακάρι’
1034 2035 1200 2116 Εὐριπίδη;
1220 2036 1253 2096 in
1274 2035 1380 2110 aquit.

206 2158 268 2217 147
302 2147 325 2215 ὦ
355 2154 479 2232 μακάριε
506 2151 732 2225 ἀλλαντοπῶλα,
756 2154 789 2212 in
812 2154 874 2214 AV.
902 2152 986 2214 1638
1011 2142 1034 2210 ὧ
1058 2143 1184 2227 δαιμόνι’
1210 2146 1381 2227 ἀνθρώπων

203 2268 362 2329 Πόσειδον.
393 2269 478 2329 Raro
509 2268 640 2341 quidem
667 2268 826 2329 eiusmodi
851 2267 1008 2328 vocativis
1031 2266 1162 2326 nomina
1191 2268 1302 2338 (eaque
1327 2279 1382 2338 per

202 2382 450 2456 appositionem,
482 2382 519 2440 ut
548 2381 595 2441 ita
627 2381 743 2457 dicam,
772 2380 955 2453 aliquando)
979 2380 1149 2454 adduntur,
1174 2381 1209 2439 at
1233 2377 1383 2452 exempla

201 2499 316 2555 tamen
347 2496 528 2555 occurrunt.
561 2494 717 2554 Similiter
747 2509 798 2567 ap.
830 2493 1082 2567 Aristophanem
1114 2493 1181 2552 fere
1209 2482 1383 2566 semper&

203 2607 398 2686 κακόδαιμον,
428 2599 451 2667 ὦ
481 2603 593 2686 πονηρὲ
624 2609 717 2669 obvia
749 2609 826 2668 sunt
855 2608 945 2669 nullo
980 2608 1111 2668 nomine
1142 2606 1261 2682 addito,
1293 2607 1327 2665 at
1350 2605 1383 2664 in

202 2725 385 2798 vesparum
409 2722 480 2784 init.
502 2713 525 2782 ὦ
544 2720 728 2799 κακόδαιμον
749 2719 878 2799 Ξανθία,
896 2723 930 2782 in
949 2723 1051 2782 Ranis
1065 2712 1088 2780 ὦ
1101 2713 1205 2798 πονήρ’
1221 2717 1382 2798 Εὐριπίδη.

205 2838 314 2898 Etiam
347 2836 504 2897 vocativis
536 2826 559 2894 ὦ
589 2833 705 2911 πότνια,
732 2827 897 2895 ὦκότνιαι
920 2850 1153 2909 nonnunquam
1176 2833 1308 2893 nomina
1332 2831 1382 2891 ad·

205 2952 336 3012 duntur.
367 2950 454 3010 Nihil
477 2949 576 3010 refert
600 2950 685 3009 sitne
708 2949 828 3009 ironice
853 2950 976 3009 dictum
1000 2964 1118 3023 necne;
1143 2963 1185 3008 an
1208 2947 1304 3020 putas
1327 2945 1383 3005 illa

205 3057 229 3123 ὦ
259 3057 438 3142 τρισμακάρι’
474 3060 637 3140 Εὐριπίδη,
661 3053 683 3121 ὦ
706 3055 859 3140 γλυκύτατ’
888 3058 1040 3138 Εὐριπίδη
1064 3062 1098 3121 in
1121 3059 1383 3121 Acharncnsibus

204 3177 288 3238 serio
320 3177 406 3237 dicta
436 3177 533 3237 esse?
564 3176 635 3235 Non
662 3174 785 3235 infitias
807 3175 859 3236 ibo
882 3174 1072 3248 plerumque
1097 3163 1217 3257 post-ic
1241 3169 1386 3248 δαιμόνιε,

205 3283 229 3350 ὦ
259 3289 394 3368 μακάριε,
424 3290 498 3366 alia,
530 3290 662 3350 nomina
692 3290 820 3364 propria
852 3289 965 3349 abesse
998 3290 1030 3349 et
1057 3302 1153 3360 saepe
1177 3287 1250 3360 post
1275 3275 1385 3363 ὦγαθέ,

207 3397 230 3464 ὦ
261 3401 398 3482 βέλτιστε,
425 3393 447 3461 ὦ
472 3401 548 3478 φίλε,
570 3393 593 3461 ὦ
617 3384 715 3480 άριστε
738 3417 836 3477 prave
861 3417 879 3461 a
903 3402 1042 3462 librariis
1065 3401 1189 3460 inserta
1213 3399 1324 3474 fuisse,
1350 3399 1385 3458 at

206 3533 271 3579 non
303 3517 478 3576 concedam
509 3516 627 3588 ubique
658 3518 732 3590 posi
759 3508 782 3575 ὦ
806 3515 941 3592 δαιμόνιε
964 3519 998 3577 et
1022 3506 1045 3574 ὦ
1068 3514 1193 3593 μακάριε
1208 3507 1228 3585 ¹)
1254 3514 1385 3573 nomina

205 3631 341 3692 delenda
365 3647 448 3708 esse,
472 3631 558 3691 siout
581 3623 756 3701 Oohetus²l
780 3632 813 3690 et
836 3630 941 3691 Naber
964 3631 1128 3704 putarunt.
1154 3629 1214 3689 Per
1236 3627 1386 3688 melleet

205 3745 286 3805 illud
309 3746 354 3816 (in
378 3747 442 3805 344
455 3745 491 3815 D)
517 3735 540 3803 a
564 3743 699 3820 δαιμόνιε
724 3744 900 3824 Θρασύμαχε
923 3760 979 3818 per
1002 3743 1238 3818 appositionem
1261 3742 1385 3801 dictum

206 3874 281 3920 esse
312 3859 471 3934 arbitrari,
503 3860 560 3919 sed
591 3873 725 3919 necesse
757 3873 820 3919 non
852 3859 912 3918 est.
940 3858 1020 3918 Post
1051 3849 1162 3936 ὦγαθέ,
1186 3847 1209 3914 ὦ
1232 3844 1386 3933 ἄριστεῶ

206 3968 335 4050 φέριστε,
355 3963 378 4031 ὦ
394 3968 519 4050 βέλτιστε
532 3972 643 4032 sedulo
655 3973 788 4032 nomina
800 3972 1011 4046 exstirpanda
1022 3973 1109 4046 sunt,
1122 3973 1196 4045 post
1207 3967 1387 4044 σοφώτατος,

206 4084 356 4162 φίλτατος,
385 4085 450 4146 alia
478 4086 555 4147 ferri
581 4089 727 4160 possunt.
753 4087 831 4146 Post
854 4085 999 4146 convicia
1023 4085 1131 4160 qualia
1155 4075 1177 4142 ὦ
1201 4077 1388 4158 εὐηθέστατε,

207 4190 232 4258 ὦ
264 4195 458 4277 άμαθὲστατε,
487 4200 561 4277 alia,
586 4201 731 4275 praestat
754 4201 887 4260 nomina
910 4199 1019 4260 deleri.
1045 4198 1090 4260 cf.
1115 4212 1197 4270 quae
1220 4196 1260 4256 ad
1285 4194 1387 4254 eecli

243 4515 264 4584 ¹)
283 4519 321 4566 Of.
340 4518 449 4578 Euthyd.
470 4519 548 4567 8080
566 4515 709 4584 ὧμαιιάριοι
729 4522 781 4581 σφὼ
797 4527 837 4579 τῆς
854 4525 994 4577 θαυμαστῆς
1010 4520 1104 4577 φύσεως.

243 4593 266 4660 ²)
289 4599 372 4654 Quem
395 4601 422 4645 et
445 4599 587 4646 Sohanzina
610 4595 721 4664 (Fesigr.
743 4599 767 4645 d.
790 4600 858 4647 Phil.
876 4599 935 4646 Ges.
954 4611 976 4644 τ.
993 4596 1093 4672 Wrirzb.
1113 4590 1189 4658 1867)
1206 4594 1239 4639 ob
1259 4606 1314 4639 eam
1334 4607 1388 4640 rem

210 4677 387 4737 reprehendit.
