3417 5175
740 418 784 475 43

169 607 296 666 servari
328 610 474 682 possunt,
506 607 582 679 quia
611 605 677 666 illic
705 604 853 677 emphasi
877 618 956 677 opus
981 605 1041 663 est.
1068 636 1108 647 -
1133 603 1194 662 Pro
1218 600 1348 661 ἔστωσαν

171 721 244 793 lege
267 721 375 781 Attice
399 718 497 778 ἕσσον.
517 719 624 779 Naber
643 717 780 796 (comm.
801 716 926 805 Platon.
948 718 980 777 ΙΙ
1003 714 1099 792 1864)
1120 716 1153 775 in
1169 716 1347 791 „Legibus”

171 837 302 894 tantum
327 834 512 908 imperativi
531 833 672 893 formam
690 833 724 892 in
742 846 835 890 uoco
854 832 1029 890 exeuntem
1050 829 1215 890 ferendam
1229 831 1348 889 censet.

120 941 212 1008 Bin
247 950 311 1008 354
343 949 371 1007 A
392 948 481 1029 item
513 947 636 1019 corrige
661 938 761 1004 ἔσταν.
786 937 805 1028 ΙΙ
830 945 1017 1017 Legendum
1040 958 1156 1003 censeo
1178 939 1272 1001 τοισδὶ
1295 958 1350 1017 pro

170 1061 277 1121 τοῖσδε.
309 1061 414 1121 Verba
445 1059 488 1119 ὅτι
518 1055 572 1136 μὲν
603 1057 659 1137 γάρ
682 1072 786 1131 usque
810 1058 849 1118 ad
874 1049 934 1115 olel
956 1077 985 1115 τε
1008 1072 1028 1117 a
1050 1053 1171 1134 λέγομεν
1194 1072 1353 1130 suspensa
1416 1122 1419 1128 ,

171 1176 347 1235 Schneider
377 1174 522 1249 putabat,
554 1188 574 1232 a
601 1171 770 1249 μανθάνειν
795 1171 840 1248 (in
865 1171 904 1246 1))
929 1170 1040 1231 Heller
1064 1173 1096 1230 et
1121 1168 1263 1246 Oampb„
1288 1187 1352 1245 qua

171 1290 299 1348 ratione
320 1290 370 1348 vis
388 1288 566 1372 particulae
585 1284 640 1365 γὰρ
661 1300 793 1360 prorsus
813 1285 906 1358 perit.
928 1284 1009 1345 Puto
1030 1282 1073 1342 ὅτι
1092 1284 1351 1345 coniunctionem

171 1403 341 1463 causalem
375 1418 448 1461 esse
487 1402 665 1477 „Quoniam
699 1400 785 1459 enim
819 1398 1032 1473 sapientiores
1063 1400 1114 1457 ete
1144 1398 1248 1457 iustos
1278 1412 1351 1458 osse

170 1517 287 1591 liquet,
317 1517 456 1577 iniustos
487 1531 562 1576 vero
593 1516 674 1575 nihil
705 1530 800 1587 agere
834 1529 938 1589 posse,
963 1516 998 1573 at
1020 1516 1092 1573 tum
1115 1516 1148 1573 et
1171 1513 1250 1573 illud
1272 1528 1351 1573 sane

171 1646 239 1690 non
262 1646 336 1689 vere
356 1630 494 1689 dicimus
514 1630 598 1690 ete.”
618 1630 670 1688 ita
689 1629 792 1689 oratio
812 1628 948 1688 minime
969 1628 1116 1687 contorta
1134 1625 1181 1687 111.
1200 1627 1351 1687 Liebhold

172 1746 295 1818 (Fleclr.
326 1743 413 1815 Jbb.
431 1744 528 1819 1893)
560 1743 598 1803 ci.
615 1740 671 1803 ,ἔτι
702 1757 758 1815 pro
786 1739 839 1801 ὅτι.
865 1740 1008 1801 (lornarii
1032 1739 1078 1815 (et
1101 1738 1267 1817 Stephani)
1291 1750 1351 1801 cam

172 1858 312 1933 φαίνεται
354 1873 410 1931 pro
445 1855 604 1930 φαίνονται
638 1856 826 1915 Badhamus
861 1852 1010 1931 (Phaedri
1046 1850 1158 1928 praei.)
1194 1855 1350 1927 probavit.

126 1964 150 2031 11
173 1973 327 2033 Praestat
356 1973 469 2031 autem
500 1970 546 2030 nil
577 1972 715 2030 mutare.
741 1962 760 2053 Η
785 1971 869 2043 Lege
893 1962 949 2045 μετ’
977 1965 1110 2044 ἀλλήλων
1137 1968 1257 2049 [accepi
1280 1968 1352 2027 vide

173 2089 217 2148 ad
241 2090 304 2148 351
329 2087 364 2146 Ε.
390 2086 507 2147 coneto
534 2078 608 2168 ᾖσαν
630 2102 687 2161 pro
710 2085 802 2169 ᾔεσαν
826 2086 998 2159 corrigenti
1023 2083 1097 2163 (Mn.
1123 2080 1220 2161 1860)
1245 2098 1351 2157 nemo,

115 2202 228 2277 lipro
256 2201 366 2276 pudor,
390 2200 507 2274 paruit.
531 2192 550 2282 ΙΙ
575 2200 646 2261 Par.
675 2185 716 2261 AI
745 2197 868 2275 ὥσιέμοι
893 2188 958 2275 (AII
982 2215 1062 2259 corr.
1087 2190 1148 2257 ὦσέ
1175 2194 1252 2275 ἐμοὶ)
1277 2197 1351 2256 exh.

173 2331 239 2376 sec.
261 2314 403 2391 eampo,
428 2315 485 2375 sed
508 2311 548 2385 ὡς
571 2311 635 2391 ἐμοὶ
655 2330 719 2376 sec.
741 2315 957 2375 Duebnerum.
978 2314 1088 2374 Baiter
1107 2315 1140 2373 et
1161 2311 1291 2384 Gampb.
1312 2304 1352 2379 1ος

173 2427 240 2505 ἐμοὶ
263 2429 349 2488 δοκεῖ
367 2429 544 2503 ediderunt,
568 2430 625 2489 sed
645 2429 798 2503 Stephan.
820 2430 932 2489 Herm.
954 2428 1076 2489 Wohlr.
1098 2426 1137 2497 ὥς
1157 2422 1190 2505 γέ
1202 2447 1252 2503 μοι
1265 2424 1363 2483 δοκεῖ.

173 2544 240 2617 Elgo
272 2542 384 2604 stallo.
416 2558 534 2616 sequar
564 2542 635 2604 coll.
660 2542 754 2616 uorg.
779 2544 844 2603 470
868 2542 902 2606 Ε,
917 2540 956 2614 ὥς
979 2562 1012 2620 γε
1035 2538 1091 2620 ἐγὼ
1114 2536 1196 2620 λέγω.
1220 2539 1303 2601 Illud
1326 2532 1348 2618 γ’

173 2659 206 2717 in
231 2657 372 2718 formula
395 2656 435 2728 ὥς
459 2651 483 2735 γ’
506 2655 570 2734 ἐμοὶ
589 2656 675 2716 δοκεῖ
688 2658 728 2717 ad
749 2653 814 2733 ἐμοὶ
833 2657 973 2731 pertinet
986 2653 1127 2733 (saepius
1139 2676 1171 2734 γε
1182 2652 1352 2730 traicitur).

175 2771 400 2830 Hermannum
430 2764 515 2851 (Vol.
548 2770 592 2830 IV
623 2786 652 2844 p.
680 2770 747 2847 IV),
771 2771 827 2842 qui
850 2770 1102 2830 Stallbaumium
1124 2770 1176 2829 hic
1199 2765 1273 2843 ἐμοί,
1297 2768 1353 2827 sed
1390 2834 1392 2837 ,

175 2886 241 2945 329
275 2886 305 2942 Α
340 2905 390 2959 μοι
424 2885 586 2957 legentem
622 2885 794 2959 vituperat,
829 2884 913 2957 fugit
948 2885 1032 2945 inter
1064 2885 1123 2944 hos
1155 2884 1235 2943 duos
1266 2881 1354 2941 locos

124 3004 332 3070 limagnum
365 2977 537 3059 discrimen
570 2989 816 3080 6666.Ι)Α6116
848 2997 1023 3070 requirenti
1055 2993 1197 3066 ἀκούσαις
1235 2989 1350 3068 <άν>

173 3112 262 3171 reete
287 3126 383 3171 nemo
406 3112 522 3188 paruit,
546 3115 580 3172 at
603 3113 715 3185 utique
733 3112 905 3185 legendum
924 3107 1081 3180 ἀκούσειας
1103 3105 1202 3193 [illle]
1225 3105 1244 3186 1)
1265 3088 1353 3179 άσίνς

36 3227 94 3285 353
121 3223 151 3290 Δ
219 3224 270 3283 Ex
294 3224 431 3285 Stobaeo
454 3225 562 3300 Steph.
591 3229 624 3286 et
646 3227 717 3287 Ast.
742 3227 911 3286 ediderunt
930 3235 969 3308 τῷ
990 3221 1037 3282 ἐπὶ
1057 3224 1149 3307 τούτῳ
1170 3218 1354 3302 ἐργασθέντι,

173 3339 258 3412 quod
294 3319 496 3412 probandum
527 3343 604 3414 puto
639 3340 709 3401 coll.
744 3340 846 3400 341n
878 3336 925 3398 ἐπὶ
954 3337 1048 3421 τούτῳ
1080 3329 1352 3415 παρεσκευάσθη)

173 3450 274 3530 τέχνη,4
301 3454 364 3512 341
388 3454 415 3512 D
445 3449 464 3530 ν)
494 3451 579 3532 τέχνη
610 3452 657 3512 ἐστὶ
684 3453 778 3538 τούτῳ
803 3451 945 3529 πέφυκεν.
971 3452 1071 3512 Paulo
1095 3452 1171 3512 unte
1195 3424 1354 3522 corrigere

174 3566 262 3625 malo
285 3560 348 3624 ἀλλ’
376 3561 442 3626 οὐδ’
467 3563 505 3624 ilo
529 3564 575 3626 ἕνί
595 3562 623 3646 γ’
650 3567 721 3628 coll.
747 3565 766 3642 ὅ
790 3568 817 3626 Ι)
841 3563 913 3626 οὐδὲ
935 3562 973 3625 ἂν
997 3563 1051 3640 ivl,
1074 3565 1177 3624 359ss
1198 3565 1258 3624 etc.
1281 3563 1353 3624 Mox

174 3680 297 3753 corrige
320 3676 340 3757 1)
363 3678 456 3756 μόνον
482 3684 530 3751 [ιι]
555 3678 575 3759 ἢ
598 3684 657 3756 κτλ,
679 3662 758 3740 illud
784 3683 827 3739 Ti
845 3684 902 3741 aut
922 3696 963 3741 ex
989 3682 1142 3740 Hortum
1165 3681 1216 3739 est
1235 3681 1293 3738 aut
1312 3693 1354 3738 ex

173 3815 227 3867 τις,
246 3795 330 3868 quod
351 3782 469 3866 aliquis
488 3795 637 3855 nesciens
656 3791 759 3854 ἕκασεο
772 3795 955 3856 subiectum
970 3809 1042 3854 esse
1057 3794 1144 3853 verbi
1157 3790 1354 3871 ἀπεργάζηται

174 3908 377 3968 inseruisset.
400 3941 440 3951 -
462 3907 568 3984 Quum
586 3908 666 3969 illud
687 3906 810 3967 ἑκάστου
830 3906 914 3984 (in-¹3*
935 3909 973 3978 A)
995 3908 1142 3968 neutrius
1159 3908 1203 3967 sit
1214 3907 1352 3987 generis,

122 4022 208 4087 Bin
239 4023 265 4081 Β
296 4022 340 4082 in.
373 4037 437 4082 vox
467 4020 638 4106 πράγματος
665 4024 801 4084 delenda
824 4024 885 4083 est.
911 4013 930 4105 ΙΙ
959 4023 1107 4096 Optimos
1132 4020 1221 4082 codd.
1246 4015 1354 4094 φαμέν,
1384 4042 1387 4047 ·

173 4131 251 4192 ἔστιν
274 4132 362 4212 ἔργον
385 4141 452 4209 (pro
475 4134 534 4195 ἔστι
556 4157 582 4194 τι
604 4134 700 4214 έργον)
725 4138 916 4197 exhibentes
936 4137 1003 4197 fere
1023 4151 1137 4196 omnes
1157 4135 1246 4194 editt.
1272 4137 1351 4202 (nec-

173 4265 238 4310 non
262 4249 375 4310 Stallb.
403 4250 498 4322 1868)
523 4251 627 4311 secuti
650 4253 736 4311 sunt.
761 4250 828 4324 Ego
851 4266 926 4310 cum
954 4245 1101 4324 8168666,
1127 4247 1220 4308 Astio
1245 4243 1379 4304 ἔνεικ’

174 4363 292 4442 legam,
318 4363 395 4437 quia
418 4365 532 4424 statim
556 4364 703 4437 sequitur
727 4362 810 4422 άοων
832 4354 872 4440 ἦν
895 4385 922 4422 τι
945 4360 1040 4442 ἔργον.
1064 4337 1304 4435 Haplographia
1327 4381 1354 4418 τι

174 4477 305 4536 excidit.
332 4510 372 4523 -
397 4478 468 4536 Par.
493 4478 521 4536 A
545 4476 639 4549 οάιο;
662 4475 750 4552 otro,
773 4477 913 4552 optime;
934 4475 1106 4536 vid.'dicta
1129 4475 1293 4535 613316.
1316 4507 1353 4518 -

172 4589 381 4650 Heindorfius
416 4592 454 4650 oi.
491 4587 686 4671 ἀπεργάσαιτο
722 4592 779 4661 (616
810 4589 907 4666 Bait.)
939 4590 1141 4664 improbante
1173 4589 1277 4651 Astio
1311 4591 1354 4649 At

172 4705 258 4764 infra
289 4705 339 4764 bis
370 4703 569 4779 singularem
600 4705 692 4769 Plato
723 4705 879 4782 adhibuit,
912 4705 1060 4792 quocirca
1091 4705 1124 4764 et
1155 4699 1354 4784 άκοργάσοκο
