3417 5175
885 369 946 437 lea

326 561 426 637 vim,”
458 562 542 636 quod
572 577 626 621 me
653 561 758 621 iudice
781 561 874 621 valde
897 561 1031 635 languet
1053 577 1158 635 neque
1182 563 1314 636 elegans
1338 565 1398 623 est.
1424 561 1502 623 Her·

326 676 422 736 ward.
458 675 480 736 l.
493 675 514 735 l.
549 677 717 749 praeterea
749 675 820 735 sine
855 690 955 735 causa
989 676 1028 737 ci.
1063 673 1138 735 nort
1170 673 1225 752 τὴν
1256 674 1347 753 αὐτῆς
1382 675 1448 735 δον.
1480 674 1503 735 ἕ.

276 787 394 867 Eprio
425 792 478 860 α.].
502 781 522 873 ΙΙ
545 790 616 847 vam
643 787 826 867 Lerioopev
847 805 905 863 pro
928 788 1048 866 οἴσομεν
1071 805 1156 850 unus
1180 790 1320 852 Oohetus
1342 792 1503 867 probavit,

327 904 520 978 rectissime,
544 903 607 962 vid.
632 902 665 961 in
688 900 708 977 ξ
730 902 756 961 D
779 902 839 962 ult.
864 900 961 979 τύθης,
984 904 1048 963 437
1072 903 1131 963 ult.
1155 905 1189 963 et
1212 904 1321 964 confer
1342 904 1502 963 dictiones

327 1016 360 1077 ἐν
389 1015 462 1099 δόξῃ
491 1020 602 1090 θεῖναι,
631 1012 664 1075 ἐν
678 1011 776 1092 ,μέρει
805 1012 885 1085 τινὸς
917 1018 1029 1090 θεῖναι,
1051 1014 1092 1085 εἰς
1115 1014 1185 1087 τοὺς
1207 1016 1369 1088 πλουσίους
1391 1018 1503 1077 θεῖναι.

326 1131 363 1190 In
387 1130 464 1191 Par⁰
487 1130 516 1189 A
538 1129 724 1191 sexcenties
746 1131 782 1187 H
802 1130 835 1192 et
859 1131 878 1186 Ι
898 1130 1033 1190 confusa
1055 1132 1143 1205 sunt,
1168 1130 1231 1191 vid.
1255 1146 1310 1191 me
1333 1132 1373 1191 ad
1399 1132 1503 1192 336Β

327 1245 360 1305 et
382 1244 422 1305 ad
445 1244 511 1304 454
524 1242 557 1304 O.
583 1277 624 1287 -
647 1244 685 1304 in
704 1241 725 1319 ξ
747 1243 806 1304 ult.
831 1244 964 1316 quidam
987 1244 1023 1304 0.
1049 1244 1223 1305 Schneider
1244 1260 1302 1319 pro
1322 1244 1395 1317 δόξα
1414 1261 1502 1319 repo·

326 1359 469 1418 nendum
493 1358 620 1419 censuit
643 1356 782 1433 δύναμις,
803 1358 951 1418 absurde.

181 1480 246 1540 478
272 1476 303 1541 Β
370 1472 439 1527 vam
469 1467 556 1541 Ιιὼς
579 1467 693 1548 ἔφαμεν
717 1467 786 1548 (pro
809 1466 850 1541 ὡς
874 1465 983 1547 φαμὲν)
1005 1470 1094 1544 prob.
1117 1471 1199 1531 th.
1221 1472 1283 1531 Ast
1304 1471 1416 1532 Stallb.
1441 1472 1503 1541 (ed.

327 1584 443 1658 Goth),
473 1599 538 1645 non
568 1599 659 1659 opus,
692 1585 885 1645 vertendum
916 1584 1005 1643 enim
1036 1586 1087 1645 est
1122 1586 1178 1660 ,ut
1209 1586 1396 1660 putamus'’.
1428 1585 1506 1645 Mox

326 1698 519 1760 Liebheldus
552 1697 670 1768 (Fleok.
701 1697 771 1758 Jhb.
807 1697 903 1769 1888)
938 1698 978 1759 ci.
1013 1690 1057 1778 ἆρ’
1091 1689 1147 1758 οὖν
1174 1697 1206 1758 τὸ
1230 1697 1271 1777 μὴ
1294 1697 1329 1759 ὃν
1354 1698 1506 1771 δοξάζεται

326 1827 383 1886 pro
412 1810 536 1887 δοξάζει,
567 1812 637 1871 sine
669 1825 778 1887 causa,
806 1811 989 1872 subiectum
1026 1812 1113 1872 enim
1137 1815 1189 1873 est
1213 1808 1228 1871 ὁ
1253 1812 1384 1884 δοξάζον
1408 1807 1504 1888 veli]

326 1924 407 1997 δόξα.
432 1960 474 1969 -
498 1925 598 1985 Paulo
628 1926 703 1999 post
729 1921 801 1985 Pari
824 1919 865 1985 hI
888 1926 961 1987 leet.
995 1924 1117 1997 δοξάσαι
1150 1924 1182 1986 τὸ
1205 1924 1254 2014 μὴ,
1271 1922 1306 1987 ’όν
1329 1928 1507 2001 probarunt

328 2039 475 2101 Schneid.
500 2038 667 2099 Hermann
694 2038 789 2114 Bait,
813 2039 1007 2115 rectissime,
1036 2040 1120 2113 quod
1144 2041 1291 2101 maxima
1315 2042 1404 2101 codd.
1428 2056 1505 2115 pars

327 2170 354 2215 o.
379 2155 457 2214 Par0
487 2153 517 2212 A
546 2152 718 2212 consentit.
750 2153 787 2211 in
819 2150 922 2227 §ult
954 2154 1048 2226 pauci
1080 2153 1169 2213 codd.
1203 2154 1301 2215 verba
1333 2150 1506 2225 ὁδοξάζων

327 2273 404 2331 ante
438 2266 552 2339 δοξάζει
585 2268 719 2342 ponunt,
754 2268 839 2339 quod
869 2268 1008 2329 fortasse
1038 2269 1194 2330 indicium
1230 2271 1281 2329 est
1314 2270 1371 2329 illa
1407 2270 1506 2330 verba

280 2385 304 2453 c
327 2382 469 2442 insiticia
488 2396 578 2452 esse;
602 2379 692 2440 nullo
714 2380 843 2452 negotio
864 2381 974 2443 mente
994 2381 1135 2455 suppleri
1155 2384 1302 2456 possunt.
1316 2373 1336 2466 ΙΙ
1348 2383 1386 2443 In
1405 2382 1423 2451 ἓ
1444 2382 1504 2442 ult.

329 2498 391 2557 Ast
421 2497 454 2556 et
488 2493 600 2555 Stallb.
637 2492 764 2553 malunt
797 2490 879 2564 ἔντος
915 2492 953 2569 δή
987 2509 1043 2567 pro
1083 2491 1103 2552 ἐ.
1139 2488 1180 2571 δ’,
1213 2496 1395 2557 rectissime
1431 2496 1504 2557 coli.

329 2610 437 2671 verbis
459 2606 658 2683 praegressis
681 2597 725 2683 ἆρ’
751 2596 823 2666 οὖν
846 2603 928 2677 ἐκτός
951 2611 1009 2666 ari.

181 2729 245 2788 479
273 2723 303 2789 A
370 2725 443 2784 Pari
464 2722 493 2781 Α
517 2721 590 2781 lect.
612 2715 661 2778 dri
686 2714 823 2796 <μὲν>
849 2717 923 2778 κατὰ
945 2718 1038 2780 ταύτὰ
1060 2727 1250 2796 receperunt
1275 2723 1369 2784 Sohn.
1391 2723 1503 2784 Herm.

328 2837 411 2900 Bait.
447 2835 590 2908 damph,
621 2835 751 2909 fortusse
785 2835 881 2894 recte.
914 2833 989 2894 Mox
1020 2834 1180 2909 Madvigio
1209 2837 1381 2910 corrigenti
1410 2833 1505 2894 notit

328 2947 361 3011 δὲ
383 2947 460 3010 καλὰ
487 2949 595 3023 paruit
624 2963 709 3008 unus
732 2947 851 3022 Baiter,
876 2948 1007 3024 optime,
1032 2949 1072 3008 cf.
1097 2949 1162 3009 416
1187 2948 1210 3009 0
1234 2945 1249 3008 ὁ
1274 2940 1330 3008 οὖν
1352 2947 1428 3008 καλὰ
1451 2945 1505 3027 μὲν

326 3064 484 3145 πράγματα
516 3061 604 3138 oepit
646 3107 653 3118 .
677 3093 719 3102 -
743 3059 849 3125 Verba
883 3058 994 3132 ἐκεῖνος
1026 3057 1041 3120 ὁ
1073 3061 1268 3140 φιλοθεάμων
1298 3059 1348 3122 καὶ
1379 3063 1441 3124 Aet
1472 3066 1506 3123 et

327 3179 453 3241 Bekher
473 3192 500 3238 c.
520 3176 643 3237 Veneto
663 3170 896 3249 Eomieerunt,
917 3175 1118 3250 rectissime;
1143 3178 1194 3236 est
1214 3178 1292 3237 nota
1315 3176 1506 3250 marginalis

328 3294 368 3354 ad
398 3304 626 3367 praegressum
657 3283 829 3366 ὁχρὴσνός,
861 3303 943 3360 quae
971 3304 991 3350 a
1019 3289 1148 3350 librarlo
1171 3291 1298 3351 indocto
1321 3306 1385 3352 non
1408 3291 1505 3350 modo

327 3421 495 3483 perperam
526 3404 559 3464 in
589 3404 721 3464 textum
750 3401 843 3462 illata
870 3403 931 3478 est,
956 3404 1012 3463 sed
1036 3403 1136 3464 etiam
1160 3403 1193 3464 in
1217 3403 1358 3464 alienam
1382 3404 1504 3465 sedem.

327 3520 492 3582 Heusdius
514 3517 599 3588 (Init.
621 3515 741 3576 Philos.
761 3516 793 3575 ΙΙ
812 3530 842 3588 p.
865 3516 918 3586 37)
941 3515 997 3576 illa
1017 3517 1116 3578 verba
1134 3519 1207 3591 post
1227 3513 1243 3576 ὁ
1266 3515 1389 3596 χρηστὸς
1412 3517 1506 3578 οοΙΙο·

283 3636 308 3704 0
332 3634 433 3696 canda
456 3631 627 3706 iudicabat,
652 3628 749 3689 male.
764 3620 783 3711 ΙΙ
797 3628 981 3703 Stephanus
1005 3631 1224 3704 (probantibus
1247 3631 1341 3694 Aetio
1367 3631 1453 3691 1814
1474 3634 1507 3692 et

329 3749 566 3808 Vmouuunaro
586 3748 620 3806 in
644 3746 747 3819 ipsius
769 3745 902 3807 Schedia
926 3746 1057 3816 criticis)
1082 3748 1192 3823 ο1.νῆς
1214 3747 1305 3825 βολῆς
1331 3742 1431 3825 [cipri
1454 3761 1504 3821 op·

327 3865 419 3939 time,
450 3876 527 3922 nam
552 3860 670 3920 iterata
692 3859 887 3934 praepositio
914 3861 967 3920 hic
989 3859 1084 3934 plane
1106 3859 1242 3920 ridicula
1264 3861 1315 3920 est
1338 3862 1508 3934 prepterea

328 3979 412 4054 quod
431 3993 496 4038 non
515 3973 784 4047 duoaenigmata
804 3975 897 4034 erant
917 3973 1056 4035 alterum
1077 3975 1116 4035 de
1136 3974 1292 4050 eunucho,
1314 3973 1455 4034 alterum
1467 3975 1507 4034 de

327 4092 556 4168 vespertilione
574 4090 649 4165 icto,
671 4089 727 4158 sed
748 4104 849 4148 unum
870 4090 1001 4149 tantum
1014 4089 1053 4148 de
1066 4089 1293 4162 vespertilione
1307 4088 1347 4148 ah
1359 4089 1509 4149 eunucho

327 4210 402 4270 ioth.
434 4208 545 4267 Trium
577 4203 803 4279 genetivorum
827 4210 880 4262 τοῦ
904 4201 1050 4280 εὐνούχου
1074 4210 1125 4280 τῆς
1149 4203 1239 4280 βολῆς
1262 4209 1313 4280 τῆς
1336 4201 1508 4280 νυκτερίδος

328 4322 511 4385 coniunctio
531 4319 577 4380 nil
596 4318 719 4379 insoliti
738 4317 845 4378 habet.
867 4317 1024 4378 Richards
1045 4316 1158 4387 (diaes.
1175 4317 1254 4377 Rev.
1270 4316 1366 4387 1893)
1379 4315 1510 4376 mavult

328 4437 418 4513 prius
440 4431 507 4513 περὶ
530 4432 639 4508 deleri,
671 4433 755 4506 quod
777 4431 860 4491 mihi
883 4431 993 4491 minus
1016 4431 1131 4506 placet.
1156 4432 1228 4491 Pro¹
1241 4426 1280 4501 ὡς
1303 4426 1365 4500 (καὶ
1389 4422 1433 4505 ἐφ’
1460 4420 1510 4499 οὗ)

328 4551 400 4611 Par,
422 4550 451 4610 Α
476 4547 582 4608 exhib.
607 4537 643 4606 ὧι
666 4547 696 4617 (i.
711 4563 738 4608 e.
764 4540 798 4630 ᾧ)
821 4548 856 4607 et
879 4545 957 4606 Veu.
982 4548 1025 4604 111
1049 4569 1083 4623 ω,
1108 4545 1301 4621 rectissime,
1326 4543 1373 4603 sic
1392 4558 1510 4603 omnes

328 4664 419 4724 editt.
444 4663 518 4722 inde
541 4676 561 4720 a
583 4660 745 4735 Stephano
767 4661 906 4735 (praeter
929 4659 1009 4720 Bkk.
1035 4661 1068 4720 et
1091 4654 1346 4736 Schneiderum).
1373 4691 1413 4710 -.-
1434 4657 1509 4716 vam
