3417 5175
898 410 939 468 42

330 588 398 668 [μετ’
424 591 582 671 &littori
604 598 641 656 ut
662 596 695 655 15
717 594 926 671 §elegitur
948 596 1069 659 15352
1090 588 1191 671 Βμεά
1207 590 1340 671 ἀλλήλων
1353 595 1503 671 legimus

328 707 361 765 15
394 708 458 767 352
492 707 514 769 (t
545 724 620 768 eum
656 708 819 769 nonnullis
842 708 931 769 codd.
956 702 1012 785 μετ’
1039 706 1172 784 ἀλλήλων
1197 710 1306 790 [κοινῇ]
1331 708 1504 781 legendum

329 824 374 893 (15
404 820 527 895 aliquot
558 822 646 882 codd.
679 824 713 881 et
734 816 790 898 μετ’
817 818 951 897 ἀλλήλων
975 822 1085 899 πρᾶξαι
1105 830 1193 903 κοινῇ
1216 822 1397 897 inventum,
1421 836 1504 897 quae

329 935 563 1009 discrepantiae
596 937 736 1009 arguunt
766 944 853 1019 κοινῇ
885 936 1063 996 insiticium
1088 938 1181 1005 esse).
1206 934 1310 1011 Quare
1334 935 1432 995 verba
1453 931 1504 1009 μαὶ

328 1047 486 1124 μισήσουσι
508 1050 643 1112 delenda
665 1050 742 1125 sint,
766 1050 806 1112 ad
831 1051 895 1111 352
920 1051 948 1109 A
968 1050 1122 1114 dicemus.
1146 1083 1185 1092 —
1208 1050 1289 1110 Μῶν
1308 1045 1349 1125 μὴ
1369 1049 1420 1111 est
1438 1055 1503 1125 μῶν

328 1160 469 1251 κίνδυνος
492 1160 533 1239 μὴ
560 1159 668 1223 ἀπολεῖ
686 1167 744 1233 κτλ.

183 1272 247 1333 352
274 1269 304 1336 l
371 1274 477 1336 Verba
516 1272 566 1334 ml
601 1272 797 1352 διαφέρεσθαι
831 1277 1167 1351 (interpretamentum
1203 1277 1291 1338 vocis
1327 1274 1505 1347 στασιάζειν),

328 1390 462 1451 delenda
486 1392 579 1463 sunt;
607 1390 707 1449 etiam
732 1391 796 1450 603
820 1391 846 1449 D
870 1391 912 1452 15.
936 1393 1009 1465 post
1033 1388 1180 1461 ἐστασίαζε
1203 1390 1296 1450 151115
1316 1390 1502 1465 interpreta-

328 1505 475 1564 mentum
511 1504 650 1578 irrepsit,
685 1518 760 1562 nam
795 1503 893 1563 verba
922 1500 972 1563 uel
1003 1500 1137 1573 ἐναντίας
1169 1494 1243 1581 εἶχεν
1257 1547 1263 1560 .
1277 1548 1282 1560 .
1297 1547 1325 1563 ..
1356 1499 1503 1581 περὶτῶν

327 1614 426 1674 αὐτῶν
460 1618 570 1690 spuria
603 1619 689 1676 sunt.
722 1617 799 1677 Post
831 1616 1005 1691 στασιάζειν,
1035 1620 1144 1693 νοσεῖν,
1174 1614 1321 1693 μάχεσθαι
1344 1616 1503 1698 eiusmodi

327 1730 457 1794 tantum
489 1730 587 1790 verba
617 1730 692 1789 ferri
725 1732 873 1805 possunt,
904 1732 1039 1804 quaest
1063 1730 1135 1805 ipsa
1158 1730 1335 1803 imaginem
1359 1730 1501 1803 aliquam

327 1843 513 1903 contineant
527 1836 568 1918 ¹);
595 1842 704 1903 confer
727 1846 793 1905 603
816 1844 842 1902 D
866 1842 1011 1915 στασιάζει
1034 1864 1063 1903 τε
1086 1841 1136 1902 καὶ
1159 1842 1279 1921 μάχεται
1302 1840 1391 1913 αὐτὸς
1414 1840 1506 1923 αὑτῷ,

329 1957 392 2038 556
424 1956 449 2015 Ε
472 1960 558 2015 νοσεῖ
575 1977 605 2015 τε
628 1954 679 2016 καὶ
702 1956 822 2035 μάχεται
845 1954 920 2033 αὐτὴ
945 1954 1043 2040 ἑαυτῇ.
1069 1957 1181 2017 Solum
1205 1955 1368 2027 στασιάζειν
1391 1957 1505 2017 nostro

327 2069 396 2129 loco
419 2068 550 2145 sufficit,
574 2072 612 2134 ut
633 2070 795 2131 inoliti}
816 2068 972 2142 (στασιάζει
991 2067 1064 2129 αὐτὸ
1083 2067 1200 2152 ἑαυτῷ).
1223 2070 1373 2130 Fortasse
1386 2069 1505 2143 aliquis

327 2200 381 2244 me
403 2183 639 2245 emblematum
657 2180 809 2261 θηρευτὴν
829 2184 1019 2259 nominabit,
1041 2187 1075 2245 at
1096 2185 1167 2245 vide
1187 2184 1257 2258 ipso
1278 2184 1411 2245 Platone
1423 2184 1504 2243 duce

327 2298 403 2370 quid
433 2298 638 2359 scribendum
666 2299 720 2371 sit,
744 2298 820 2371 quid
844 2314 918 2358 non.
942 2300 980 2358 In
1005 2300 1067 2359 351
1094 2298 1119 2357 D
1144 2298 1283 2371 legimus
1306 2296 1419 2371 στάσεις
1443 2293 1504 2367 (ναὶ

327 2409 432 2487 μάχας)
449 2407 499 2475 ναὶ
518 2410 588 2488 μίση
608 2412 648 2471 ab
667 2412 828 2472 iniustitia
847 2411 1016 2486 procreari,
1037 2411 1124 2471 idem
1143 2412 1177 2471 in
1199 2413 1261 2473 351
1283 2412 1309 2475 D
1329 2412 1388 2473 ult.
1406 2414 1503 2487 μισεῖν

327 2520 378 2583 καὶ
406 2523 577 2596 στασιάζειν.
608 2526 645 2585 In
678 2527 739 2589 351
772 2526 796 2585 ll
828 2541 884 2600 pro
909 2523 1073 2598 στασιάζειν
1097 2526 1226 2600 scripsit
1250 2523 1421 2600 διοίσονται,
1444 2539 1503 2599 pre,

328 2642 424 2715 μισεῖν
452 2640 562 2700 autem
595 2635 697 2716 ἐχθροὶ
724 2637 849 2698 ἔσονται.
872 2639 989 2700 Nullus
1014 2639 1113 2712 igitur
1135 2639 1225 2700 locus
1248 2642 1300 2700 ost
1325 2638 1430 2698 verbis
1452 2633 1504 2696 καὶ

327 2740 495 2827 μισήσουσι,
525 2768 607 2825 quae
638 2769 736 2827 supra
768 2769 785 2814 5
808 2756 903 2814 textu
927 2755 1016 2816 eieci.
1042 2753 1123 2817 Dum
1148 2755 1279 2815 veroin
1304 2753 1418 2814 3511)
1444 2752 1504 2814 ult.

328 2864 491 2937 στασιάζειν
524 2866 631 2929 solum
664 2868 807 2942 posuerit
837 2869 924 2941 (quia
955 2866 1119 2942 στασιάζειν
1134 2870 1183 2947 51
1213 2865 1409 2944 διαφέρεσθαι
1439 2881 1504 2926 555

327 2980 531 3056 discrepant),
560 2997 618 3048 cur
640 2982 672 3048 in
697 2983 760 3042 352
786 2983 813 3042 Α
839 2983 935 3042 verbo
959 2980 1121 3052 στασιάζειν
1145 2982 1375 3060 isodynamum
1399 2976 1504 3056 διαφέ-

291 3093 292 3097 ’
326 3099 433 3172 μεσθαι
456 3095 702 3156 subiunxisset?
726 3095 801 3155 Tria
825 3096 922 3155 verba
945 3109 1028 3168 quae
1048 3095 1081 3154 in
1104 3096 1165 3157 351
1188 3095 1214 3154 D
1234 3095 1384 3170 leguntur
1401 3097 1507 3170 μισεῖν,

325 3208 498 3286 στασιάζειν,
531 3206 699 3280 ἀδυνάτους
733 3208 881 3287 πράττειν,
916 3210 1077 3272 iterantur
1110 3209 1143 3268 in
1180 3210 1243 3268 352
1279 3210 1307 3270 Α
1343 3205 1506 3279 (ἀδύνατον

324 3322 471 3401 πράττειν,
504 3323 678 3398 στασιάζειν,
711 3321 819 3401 ἐχθρὸν
854 3315 931 3382 εἶναι
965 3324 985 3387 i.
1018 3338 1045 3383 θ.
1078 3326 1195 3399 μισεῖν).
1231 3357 1269 3366 -·
1302 3323 1375 3388 Mox
1409 3324 1508 3388 verba

324 3434 375 3495 ιιαὶ
405 3445 444 3517 τῷ
476 3435 581 3521 δικαίῳ
606 3438 686 3514 dele,
711 3453 774 3498 non
799 3439 894 3499 modo
918 3438 994 3511 quia
1017 3432 1204 3512 postravit
1227 3436 1307 3496 51511
1330 3436 1506 3500 desiderari

325 3551 443 3625 potest,
476 3550 533 3610 sed
565 3551 640 3623 quia
670 3550 749 3610 illud
780 3548 853 3610 αὐτὸ
878 3544 1096 3632 (diiudicata
1120 3545 1281 3627 ἐγγένηται)
1305 3549 1430 3618 factum
1455 3553 1507 3614 est

326 3661 441 3739 iidemu,
471 3665 518 3724 ita
546 3667 583 3724 ut
613 3665 651 3724 ad
684 3661 777 3744 ἑαυτῷ
809 3664 1016 3736 cogitandum
1049 3662 1093 3723 sit
1122 3661 1215 3746 ἀδίκῳ
1248 3659 1310 3734 ὄντι
1344 3665 1378 3724 et
1410 3663 1444 3722 in
1466 3672 1506 3745 τῷ,

326 3776 449 3861 ἐναντίῳ
478 3776 567 3839 τταντὶ
600 3779 700 3839 etiam
732 3776 764 3838 τὸ
792 3777 909 3837 δίκαιον
933 3777 1146 3837 contineatur.
1171 3777 1208 3836 In
1235 3772 1507 3856 351Ι1άλλήλοις

325 3914 354 3951 τε
377 3889 427 3950 καὶ
449 3895 510 3962 τοῖς
534 3891 658 3960 δικαίοις
682 3892 818 3964 dixerat,
839 3890 1021 3966 55551352
1042 3892 1080 3960 Α)
1101 3906 1142 3950 ue
1161 3891 1264 3951 oratio
1284 3889 1507 3954 uniformitate

325 4007 474 4081 peccaret
503 4021 560 4079 pro
590 4014 630 4085 τῷ
661 4004 765 4087 διναίμ
799 4005 907 4077 posuit
938 4014 977 4086 τῷ
1010 4002 1141 4086 ἐναντίῳ.
1166 4003 1355 4068 sexcenties
1378 4005 1453 4078 post
1474 4001 1506 4068 τὸ

315 4117 460 4183 Ιἐναντίον
493 4117 538 4196 (in
564 4117 715 4179 omnibus
739 4115 836 4193 case.)
862 4118 982 4178 librarii
1006 4121 1137 4181 textum
1162 4119 1409 4193 interpolarent,
1435 4117 1506 4182 vido

326 4235 367 4296 ad
394 4237 458 4296 335
482 4235 519 4295 D.
539 4235 576 4293 In
602 4233 666 4293 339
691 4232 717 4292 D
741 4233 814 4307 post
836 4229 888 4291 καὶ
909 4229 1084 4292 τούναντίον
1111 4233 1208 4293 verba
1231 4229 1263 4292 τὸ
1288 4229 1327 4308 μὴ
1354 4227 1505 4308 ξυμφέρον

359 4463 378 4529 ¹)
402 4468 507 4526 Nequeo
530 4467 599 4514 enim
623 4465 733 4525 probare
757 4465 876 4513 Schanzii
894 4466 1015 4525 [specim.
1035 4463 1092 4512 orit.
1112 4460 1187 4530 1867)
1206 4464 1284 4510 verba
1304 4463 1411 4520 „Graeci
1429 4475 1505 4524 saepe

324 4547 431 4593 verbum
449 4544 602 4593 translatum
621 4550 647 4594 et
664 4547 799 4606 proprium
817 4545 1000 4604 coniungunt.”
1020 4571 1049 4578 -
1066 4546 1150 4592 Verba
1167 4546 1194 4592 in
1211 4545 1225 4605 5
1243 4544 1289 4591 ult.
1308 4545 1346 4589 καὶ
1363 4544 1408 4602 οὐχ
1425 4543 1504 4600 ὃμοια·

326 4632 396 4671 σσντα
417 4638 467 4670 555
489 4626 577 4684 spuria
599 4628 668 4681 sunt,
691 4626 751 4684 quis
776 4621 1504 4681 (1555555151551561555511551,515551(155551555

326 4705 425 4752 dietum
442 4707 482 4751 est
499 4705 535 4750 115
551 4705 660 4757 iteretur
678 4707 707 4753 ut
725 4705 855 4753 indicetur
873 4717 923 4752 non
941 4717 972 4752 55
992 4704 1056 4762 iteri,
1075 4717 1141 4763 quse
1158 4703 1214 4754 lieri
1235 4703 1374 4763 oporteret.
1684 4683 1692 5130 1
