3417 5175
752 384 814 444 139

193 570 277 641 quod
284 568 484 643 probandum
492 567 651 628 ducciam
659 569 1119 642 proptersensum-Asuice
1128 571 1368 649 φιλογυμναστὴς

194 684 281 743 certe
309 682 415 755 magis
438 682 589 743 idoneum
614 694 749 743 sensum
772 682 904 757 praebet
928 698 1026 756 quarn
1050 684 1184 758 vulgata
1207 686 1301 747 lectio
1326 720 1367 729 -

193 811 293 869 quam
327 798 456 870 propter
489 810 716 869 praegressum
746 794 938 875 γυμναστική.
971 795 1046 856 Mox
1076 799 1198 871 corrige
1229 799 1369 877 τοιαύτην

194 906 244 968 τοί
259 905 393 984 <τὴν>
407 916 466 967 τῶν
485 905 605 987 ἀνδρῶν
624 912 675 967 ντί
694 911 865 983 propterea
885 909 968 982 quod
989 910 1060 969 voci
1081 907 1200 989 ἀνδρῶν
1213 912 1369 973 articulus

193 1022 323 1082 additus
352 1022 413 1082 551.
446 1054 486 1064 -
519 1022 599 1082 Fere
629 1022 776 1082 omnium
808 1023 897 1083 codd.
929 1020 1006 1099 ντίὴν
1038 1009 1092 1083 ὅσα
1123 1020 1319 1104 ἀσθενεστέρα
1350 1022 1369 1103 ἢ

194 1131 363 1214 ἰσχυροτέρα
394 1132 415 1193 ί.
446 1134 620 1196 lectionem
651 1133 683 1212 (a
715 1136 783 1196 iere
807 1136 958 1197 omnibus
990 1136 1080 1197 editt.
1104 1139 1280 1212 receptami
1302 1140 1367 1199 iam

195 1249 308 1308 Aetius
337 1249 424 1308 recte
456 1248 704 1325 improbaverat,
736 1250 791 1322 qui
823 1264 898 1309 cum
925 1265 989 1310 uno
1024 1250 1143 1310 11151111ο
1166 1266 1208 1311 ex
1232 1252 1370 1313 Eusebio

195 1358 240 1438 (et
270 1358 403 1438 Galerio)
435 1362 535 1422 edidit
564 1356 583 1437 ἡ
616 1359 684 1439 (pro
715 1358 746 1439 ἢ)
783 1356 887 1433 <ί’>
924 1362 979 1441 ίσχ.
1013 1360 1098 1422 ἐστίν.
1122 1364 1250 1424 11555511
1274 1365 1369 1425 155115

194 1474 263 1535 1000
291 1474 326 1534 in
353 1474 458 1535 4511>
481 1473 541 1535 uu.
564 1483 661 1557 κοινῇ,
684 1473 752 1551 ἔφη,
774 1473 880 1534 πάντα·
903 1472 982 1551 πλὴν
1005 1472 1044 1547 ὡς
1067 1477 1235 1551 51151555
1258 1476 1367 1538 conflr-

195 1590 314 1649 matur.
350 1588 536 1649 Sententiae
566 1588 696 1648 initium
722 1590 829 1649 verte:
865 1590 917 1664 „et
948 1588 1096 1651 mulieris
1126 1590 1225 1663 igitur
1254 1590 1286 1651 51
1309 1592 1371 1652 viri

194 1704 277 1778 etc,”
309 1718 374 1761 uon
401 1703 437 1762 ut
461 1701 556 1775 vulgo
586 1717 755 1776 perperam
778 1701 816 1762 iit
842 1702 962 1778 „etiam
987 1704 1133 1764 mulieris
1156 1705 1255 1778 igitur
1278 1706 1369 1781 etc”;

194 1832 253 1877 nec
272 1816 379 1889 magis
398 1816 493 1891 paulo
512 1817 586 1891 post
604 1817 787 1877 coniunctio
807 1813 857 1875 καὶ
877 1819 964 1887 (ante
984 1822 1133 1896 γυναῖκες)
1153 1833 1210 1892 per
1229 1819 1369 1893 „etiam”

194 1930 308 1991 Latine
332 1930 497 2005 vertenda,
521 1930 578 1989 sed
601 1930 745 2003 vulgaris
769 1929 902 2004 copulae
926 1931 994 1989 vim
1018 1931 1157 1990 obtinet:
1183 1946 1223 1991 ex
1248 1932 1370 1991 conclu·

194 2044 285 2103 sione
308 2044 394 2104 enim
419 2040 497 2101 ἔστιν
520 2040 578 2122 ίίρο
600 2040 650 2101 καί
674 2041 824 2119 putarint]
847 2042 925 2122 μονή
949 2044 1012 2104 duo
1036 2044 1240 2119 colliguntur,
1266 2044 1370 2118 primo

194 2158 265 2217 tam
289 2158 375 2217 viros
398 2170 498 2230 quam
520 2157 675 2217 mulieres
699 2156 786 2216 urbis
810 2158 977 2219 custodiae
999 2172 1094 2231 pares
1118 2172 1199 2233 esse,
1230 2142 1371 2218 secundo

147 2266 280 2333 Gtaies
314 2271 470 2330 mulieres
504 2284 622 2330 uxores
656 2272 827 2331 custodum
863 2269 934 2330 fleri
965 2273 1121 2345 oportere.
1147 2262 1167 2355 ΙΙ
1192 2271 1261 2329 vam
1292 2272 1316 2330 L
1346 2270 1373 2330 εί

196 2382 309 2444 ίννοτοί
342 2404 371 2441 τε
401 2380 452 2442 κοί
482 2384 509 2461 β.
539 2382 627 2457 prob.
658 2382 738 2444 Bkk.
771 2383 883 2444 Stallb.
917 2380 978 2461 (ed.
1011 2380 1118 2462 Goth.)
1151 2384 1263 2445 Herm.
1288 2385 1370 2447 Bait.

197 2496 338 2572 campe„
363 2499 459 2572 recte,
484 2496 568 2569 quod
592 2496 644 2557 vel
667 2497 737 2557 sine
761 2498 850 2558 codd.
874 2499 1093 2572 reponendum
1118 2514 1191 2559 5555
1211 2498 1281 2559 5515
1302 2514 1369 2559 sen·

142 2609 171 2672 Ι)
195 2612 299 2674 tentia
320 2612 454 2672 iuberet.
480 2612 517 2670 In
542 2611 644 2672 4570
667 2610 780 2672 δυνατά
802 2623 832 2671 ’τε
854 2609 905 2670 καὶ
925 2608 1058 2690 ὠφέλιμα
1080 2610 1112 2692 (i.
1126 2629 1154 2675 e.
1175 2609 1327 2692 βέλτιστα).
1352 2605 1371 2697 Η

172 2727 265 2814 'vam
295 2726 321 2785 L
351 2723 493 2804 ποτέρους
524 2742 609 2787 unus
641 2726 752 2788 Stailb.
784 2724 845 2806 (ed.
878 2725 986 2806 Goth.)
1013 2729 1143 2805 recepit,
1168 2730 1238 2788 sine
1263 2743 1372 2803 causa,

196 2842 235 2902 ci.
258 2840 358 2902 3340
376 2841 469 2902 initio
489 2841 718 2915 corrigendum
739 2857 853 2903 censeo
873 2841 988 2920 γελοῖόν
1013 2842 1125 2920 <τι>,
1143 2845 1217 2917 post
1236 2845 1267 2900 Ν
1279 2842 1372 2903 facile

198 2957 241 3012 Ti
269 2954 416 3016 excidere
446 2955 560 3030 potuit.
594 2988 634 2998 —
669 2957 706 3015 In
734 2955 834 3024 §ult
860 2958 893 3016 51
915 2957 948 3015 in
973 2957 991 3025 1
1014 2957 1039 3015 Ε
1063 2956 1106 3016 in.
1131 2957 1241 3016 Baiter
1263 2955 1373 3015 Helier

196 3062 280 3144 (Cur.
312 3069 383 3130 crit.
412 3085 441 3143 p.
465 3066 521 3146 40)
546 3067 711 3142 Gampbeii
733 3067 762 3127 τί
783 3067 836 3127 δαί
857 3085 874 3129 5
898 3069 976 3129 Par⁰
999 3070 1027 3129 A
1051 3071 1250 3145 receperunt,
1275 3068 1371 3144 male,

145 3177 172 3242 ii
196 3181 268 3241 vide
292 3181 378 3242 dicta
401 3184 441 3243 ad
466 3183 529 3243 343
554 3183 592 3243 A.
614 3173 633 3264 ΙΙ
653 3182 753 3242 Recte
772 3198 858 3243 unus
877 3184 943 3244 cod.
964 3204 990 3241 τι
1014 3184 1121 3266 <τῇ>
1142 3181 1225 3242 ττόίει
1241 3183 1373 3258 praebet

195 3298 363 3371 propterea
383 3298 467 3370 quod
486 3297 524 3356 de
545 3295 711 3356 Platonica
731 3296 863 3357 civitate
884 3312 969 3357 nunc
989 3311 1098 3358 sermo
1110 3299 1170 3357 est.
1185 3295 1373 3370 Complures

196 3409 284 3471 codd.
307 3419 343 3493 τῇ
366 3426 423 3486 pro
446 3431 472 3468 τι
496 3409 660 3470 exhibent.

45 3522 109 3581 457
142 3515 172 3582 Α
240 3524 363 3582 Iterum
391 3524 514 3598 corrige
541 3522 647 3607 <τῇ>
674 3522 862 3600 56151155
885 3523 970 3585 dicta
994 3522 1034 3583 ad
1059 3522 1372 3585 4155515115555

195 3637 235 3696 ad
266 3636 439 3697 discrimen
470 3638 554 3698 inter
586 3638 674 3715 (457)
706 3645 757 3715 τῆς
788 3634 854 3717 περὶ
885 3634 939 3713 τὴν
969 3634 1057 3696 πόλιν
1089 3637 1122 3697 51
1153 3632 1229 3713 (455
1244 3637 1283 3708 Α)
1306 3637 1376 3716 περί

195 3747 317 3824 πόλεως,
347 3746 424 3826 (464
437 3750 474 3819 Β)
503 3749 586 3809 ττόίει
616 3753 650 3811 51
680 3760 714 3833 τῇ
745 3748 835 3810 πόλει.
868 3783 909 3792 -
944 3750 1082 3811 Oobetus
1113 3751 1201 3821 (nota
1232 3748 1371 3829 1115151.

195 3860 302 3939 ἔθεμεν
332 3876 389 3936 pro
420 3860 564 3940 ἐτίθεμεν,
593 3878 656 3935 quo
683 3878 747 3923 non
771 3879 852 3938 opus
875 3865 946 3926 coll.
972 3867 1036 3926 456
1051 3865 1084 3927 O.
1110 3866 1184 3926 Mox
1208 3865 1371 3926 Herwerd.
1451 3888 1453 3890 ·

196 3977 269 4048 (Mn.
293 3977 389 4047 1883)
406 3976 503 4037 scribi
517 3975 587 4035 vult
597 3972 791 4052 ἀμφιοίντοι,
804 3978 996 4040 rectissime.
1010 3979 1089 4040 Post
1099 3995 1203 4053 pauca
1215 3978 1373 4038 Stobaeus

145 4084 175 4149 B
198 4088 361 4151 &notorior
390 4106 448 4165 pro
479 4086 582 4148 δοτέον
609 4090 718 4166 tradit,
746 4090 878 4166 optime,
903 4092 965 4152 vid.
997 4094 1038 4153 ad
1062 4093 1126 4152 452
1139 4092 1177 4153 Α.
1203 4082 1223 4173 Η
1247 4090 1318 4151 Ρ51.
1343 4090 1373 4149 Α

195 4205 327 4266 exbibet
357 4199 580 4284 νοναζομὲναις.
612 4205 650 4262 In
680 4203 838 4277 proximis
870 4206 927 4264 aut
956 4212 1010 4264 τοῦ
1039 4203 1156 4283 γείοίον
1183 4206 1242 4264 aut
1265 4201 1373 4278 σοφίας
1488 4179 1490 4183 ’

195 4318 374 4379 insiticium
409 4333 482 4378 esse
517 4320 605 4378 15515
640 4317 755 4377 multis
791 4318 869 4377 viris
903 4319 953 4379 dd.
987 4318 1094 4378 visum
1128 4319 1188 4377 est.
1217 4317 1246 4378 J.
1276 4316 1311 4376 G.
1341 4317 1371 4377 S.

196 4431 381 4492 Schneideri
412 4428 476 4510 (cui
500 4431 621 4492 Saxoni
644 4446 822 4505 cognomen
845 4431 916 4502 fuit)
941 4434 1000 4492 cam
1021 4437 1073 4490 τοῦ
1097 4427 1214 4508 μείοίον
1240 4427 1371 4505 [σοφίας]

195 4545 371 4619 probarunt
400 4546 587 4606 Badhamus
619 4545 767 4614 (Phaedri
797 4544 908 4620 praei.)
942 4547 976 4604 51
1007 4542 1155 4619 0555155,
1186 4543 1278 4618 mule,
1309 4557 1373 4602 non

196 4657 292 4718 modo
323 4658 398 4730 quia
429 4674 542 4720 vereor
573 4660 610 4718 ut
641 4673 682 4719 an
712 4655 745 4717 τὸ
774 4654 891 4737 γε’ίοιον
921 4673 977 4733 pro
1005 4664 1130 4738 σκῶμμα
1153 4635 1302 4729 (facetiis)
1323 4656 1374 4716 vei
