3417 5175
755 395 816 455 145

193 574 288 658 λέγειν
311 577 344 639 τὸ
367 578 439 658 ἐμὸν
461 578 512 640 καὶ
534 580 574 641 τὸ
597 579 669 641 οὐκ
691 578 784 659 ἐμὸν
802 579 853 641 καὶ
873 580 914 660 μὴ
933 580 966 642 τὸ
986 578 1039 660 μὲν
1059 579 1158 659 ἄλλον,
1176 579 1208 641 τὸ
1228 577 1260 642 δὲ
1279 578 1368 641 ἄλλον

194 700 254 751 τῶν
286 697 423 754 πολιτῶν.
453 695 559 756 Verba
589 692 664 755 κατὰ
693 693 785 756 ταύτὰ
815 696 856 757 ad
887 693 1077 776 φθέγγωνται
1100 697 1270 771 portinent.
1295 696 1368 756 Mox

193 806 300 868 eidem
312 807 533 883 interpolatori
546 811 644 872 verba
656 807 704 869 ἐπὶ
715 808 747 870 τὸ
760 808 833 870 αὐτὸ
845 811 1029 887 reddantur,
1043 811 1367 886 interpretamentum

192 922 361 994 sequentis
391 921 465 981 κατὰ
492 922 589 984 ταύτό.
621 925 793 986 Praeterea
820 926 924 1004 bonus
947 925 1076 985 Atticus
1101 924 1238 998 scriptor
1260 920 1309 983 ἐπὶ
1331 932 1370 1005 τῷ

191 1030 273 1116 αὐτῷ
305 1035 458 1112 dodisset,
489 1038 574 1098 siout
604 1053 733 1113 sempor
764 1042 934 1115 λυπεῖσθαι,
956 1036 1068 1117 χαίρειν
1091 1034 1142 1096 ἐπί
1161 1058 1219 1095 τινι
1243 1037 1369 1097 dicitur.

193 1146 338 1209 Gomarii
366 1143 538 1211 inventum
564 1148 642 1230 πρὸς·
670 1150 758 1211 ταύτὸ
788 1167 845 1226 pro
874 1149 921 1211 ἐπὶ
943 1149 1032 1212 ταύτὸ
1055 1150 1281 1225 grammatica,
1306 1165 1370 1210 non

192 1263 357 1324 sententia
380 1266 634 1326 commendatur.
659 1265 739 1326 Vide
762 1266 870 1327 simile
893 1266 1218 1339 interpretamentum
1239 1279 1259 1324 a
1278 1264 1371 1323 nobis

194 1391 226 1450 p.
257 1377 322 1438 436
353 1378 390 1454 Β,
421 1378 446 1437 Ε
477 1378 723 1453 deprehensum.
746 1375 798 1421 '-
826 1380 905 1439 Post
928 1375 1094 1457 ἀνθρώπου
1117 1375 1174 1456 ἔχει
1198 1376 1371 1437 Schneider

194 1492 281 1551 recte
310 1492 461 1566 interrog.
490 1493 621 1566 signum
644 1493 753 1567 posuit
774 1494 904 1567 propter
927 1491 1100 1553 Glauconis
1124 1491 1222 1552 verba
1244 1490 1278 1550 in
1301 1490 1320 1558 ἓ
1343 1488 1370 1548 D

194 1602 244 1663 καὶ
262 1612 349 1666 τοῦτο
369 1600 385 1664 t
405 1602 521 1689 ἐρωτᾷς.
541 1640 584 1649 -1
604 1608 654 1667 Ad
674 1609 772 1667 verba
793 1605 864 1665 ὅταν
880 1627 939 1666 που
952 1601 1038 1683 ἡμῶν
1051 1603 1194 1676 δάκτυλός
1206 1625 1259 1664 τον
1272 1607 1371 1686 πληγῇ

194 1721 243 1777 κτλ
270 1719 456 1780 errunuus
481 1722 515 1781 et
540 1721 595 1781 Fa.
624 1722 895 1781 Posormuerunun
928 1717 979 1798 (de
1006 1736 1068 1793 quo
1092 1720 1165 1780 vide
1189 1720 1229 1779 ad
1254 1714 1370 1795 1051))

194 1833 357 1896 contulere
381 1836 586 1911 Hippocratis
609 1838 767 1911 scriptum
793 1838 859 1913 „De
882 1836 962 1897 locis
986 1836 1174 1895 innomine
1199 1850 1226 1895 c.
1251 1835 1298 1895 I.”

39 1928 102 1987 463
134 1925 167 1989 Β
239 1948 331 2009 Unus
355 1949 502 2012 Schneid.
527 1966 553 2011 c.
579 1950 693 2011 multis
717 1951 805 2011 codd.
831 1953 864 2010 et
888 1949 1024 2010 Stobaeo
1048 1949 1123 2022 post
1141 1955 1200 2006 τῶν
1219 1943 1371 2026 ἀρχόντων

194 2062 284 2123 artic.
305 2072 363 2122 τῶν
382 2064 504 2140 omisit,
527 2064 621 2125 male.
643 2066 680 2124 In
700 2065 771 2124 Par.
792 2064 820 2123 A
841 2064 969 2124 ridetur
988 2062 1138 2122 librarius
1157 2061 1208 2121 bis
1220 2057 1370 2140 ἀρχόντων

194 2176 344 2252 deinceps
363 2178 550 2252 scripsisse;
570 2192 721 2238 rasuram
740 2177 911 2250 quinquies
932 2176 1024 2250 signo
1040 2184 1081 2248 ÷
1093 2174 1198 2250 posito
1210 2175 1369 2250 implevit.

194 2290 232 2349 In
254 2288 273 2365 ξ
297 2290 323 2349 Ε
345 2290 417 2365 lego
440 2289 546 2368 νυνδή.
859 2353 861 2357 ,

39 2384 103 2444 464
133 2377 171 2445 Α
239 2403 317 2464 Dele
339 2406 413 2479 post
436 2400 536 2483 ὀρθῶς
559 2425 591 2483 γε
615 2405 750 2465 τετλαίη]
775 2402 889 2482 ἔφαμεν
913 2406 1013 2475 (etin
1036 2405 1102 2474 §B
1125 2404 1198 2489 post
1222 2400 1280 2481 ἔφη
1304 2418 1372 2475 ver·

135 2494 172 2558 Β
195 2518 272 2578 bum
292 2514 544 2598 ὡμολογήσαμεν),
561 2520 638 2594 quia
652 2540 684 2600 γε
696 2520 763 2580 lam
776 2518 938 2594 significat
950 2516 1063 2598 ἔφαμεν
1076 2535 1138 2580 usu
1154 2519 1335 2580 notissimo.
1354 2510 1368 2600 Η

197 2632 222 2692 E
241 2633 473 2694 recentioribus
492 2634 582 2695 editt.
602 2650 688 2694 unus
708 2635 881 2695 Schneider
900 2639 936 2706 (c.
956 2631 1055 2711 Bkk0)
1075 2635 1145 2693 vam
1165 2630 1371 2712 Leipoloyoo-

132 2724 169 2788 Ῑ)
194 2767 248 2823 μεν
271 2745 358 2806 male
380 2748 495 2808 tenuit.
521 2739 541 2830 ΙΙ
566 2747 768 2824 Optimorum
794 2750 883 2810 codd.
907 2750 981 2810 lect.
1005 2746 1037 2807 τὸ
1058 2743 1151 2825 μηδὲν
1171 2743 1250 2806 ἴδιον
1269 2743 1369 2828 ἐκτῆσ-

192 2863 249 2918 θαι
278 2860 412 2920 tandem
443 2861 614 2934 aliquando
646 2864 679 2922 et
710 2861 822 2923 Stallb.
856 2861 966 2932 (1858)
992 2876 1104 2921 veram
1129 2874 1201 2920 esse
1225 2859 1367 2933 agnovit.

154 2967 159 2974 '
193 2971 268 3032 Mox
300 2973 422 3046 corrige
448 2970 573 3053 ὑπάρξει
595 2990 652 3049 pro
674 2975 847 3051 praesenti,
873 2990 948 3034 cum
971 2975 1143 3050 praecedat
1166 2970 1312 3050 adplicetur
1336 2974 1370 3032 et

139 3062 170 3128 Ε
193 3086 228 3145 in
256 3083 276 3161 ᾖ
305 3086 330 3145 Ε
354 3089 510 3160 sequatur
531 3085 581 3147 καὶ
604 3086 664 3165 μὴν
688 3083 760 3147 οὐδὲ
768 3132 840 3146 .....
866 3083 903 3148 ov
927 3080 994 3146 εἶεν.
1019 3078 1038 3170 ΙΙ
1063 3086 1099 3148 G.
1123 3087 1162 3146 A.
1186 3084 1369 3158 Hirschigio

193 3196 383 3279 ἀπηλλάχθαι
406 3203 552 3276 spurium
578 3203 756 3277 videbatur,
781 3201 974 3277 rectissime,
999 3215 1075 3262 cum
1098 3201 1171 3275 post
1194 3198 1369 3259 formulam

192 3311 285 3390 πολλὴ
316 3311 432 3393 ἀνάγκη
463 3316 557 3376 Plato
588 3330 816 3389 praegressum
849 3316 984 3376 verbum
1014 3314 1127 3375 lectori
1157 3313 1369 3387 repetendum

193 3427 372 3501 relinquere
396 3428 508 3490 soleat.
542 3427 651 3490 Obiter
682 3429 805 3502 corrige
835 3427 958 3499 αι’κείας.
992 3462 1033 3471 -
1064 3428 1102 3487 In
1133 3426 1291 3501 proximis
1315 3424 1368 3486 Oo-

192 3542 288 3602 betus
319 3540 484 3620 (probante
516 3543 680 3604 Herwerd.
712 3543 774 3603 lin.
810 3542 894 3603 1883
927 3544 961 3602 et
985 3539 1082 3620 1891)
1106 3555 1221 3602 vocem
1249 3539 1369 3612 δικαίως

192 3657 279 3717 recte
311 3657 485 3731 expunxit;
518 3658 647 3718 insolite
679 3659 767 3719 enim
798 3656 919 3729 δικαίως
950 3657 1002 3716 hic
1025 3654 1188 3730 significat
1213 3656 1270 3731 „ut
1293 3656 1371 3716 licet

193 3772 412 3845 exspectator
437 3771 571 3831 Frustra
596 3771 760 3847 oampben
784 3772 824 3832 ad
845 3755 957 3833 rocem
978 3771 1212 3832 defendendam
1233 3770 1369 3830 eontulit

192 3883 388 3944 locutionem
424 3881 551 3961 (loon)
587 3883 614 3943 εἰ
648 3882 688 3961 μὴ
722 3881 824 3943 ἀδικῶ.
862 3885 996 3945 Videtur
1028 3883 1149 3955 δικαίως
1180 3899 1222 3944 ex
1252 3882 1369 3942 iterato

192 4012 380 4072 praegresso
404 3997 560 4058 vocabulo
584 3996 796 4057 tinctorium
820 4012 903 4058 esse.
929 3996 1003 4057 Mox
1027 3998 1090 4057 Ast
1113 3998 1145 4056 et
1169 3995 1281 4056 Stallb.
1307 3990 1368 4071 (ed.

194 4107 301 4188 Goth.)
329 4111 399 4169 vam
429 4110 455 4169 L
488 4107 689 4190 ἀνάγκην...
713 4107 876 4187 ἐπιμελείας
904 4106 964 4187 (sic
988 4113 1021 4170 et
1045 4108 1145 4186 Stob.)
1169 4109 1368 4183 receperunt,

195 4224 377 4300 Stephanus
408 4225 520 4285 autom
544 4224 614 4283 Vam
638 4225 663 4284 L
685 4221 867 4306 ἀνάγκῃ....
891 4221 1074 4302 ἐπιμέλειαν;
1097 4224 1131 4282 ai
1154 4220 1235 4281 nihil
1258 4220 1369 4294 opinor

194 4339 304 4399 obstat
333 4338 507 4411 quominus
537 4339 734 4413 optimorum
766 4340 856 4401 codd.
884 4340 1056 4399 lectionem
1080 4332 1282 4414 ἀνάγκην...
1307 4329 1369 4392 ἐπι-

194 4450 292 4534 μελείᾳ
324 4455 353 4523 (a
384 4452 517 4526 reliquis
548 4453 638 4514 editt.
671 4450 852 4530 probatam)
885 4449 1065 4526 significare
1097 4463 1192 4523 posse
1215 4450 1369 4522 putemus

195 4561 361 4644 ἀναγκαῖον
391 4562 557 4644 ἐπιμέλειαν
588 4564 732 4644 σωμάτων
763 4564 904 4643 τιθέντες,
922 4565 1032 4638 itaque
1064 4578 1139 4624 eam
1170 4562 1368 4638 probandam

195 4694 322 4743 consec.

1264 4783 1292 4828 10
