3417 5175
753 386 794 450 79

177 573 356 657 ἀνθρωττοι,
378 577 463 651 quod
484 575 577 638 αάτδν
596 578 812 654 dittograpbia
832 596 875 639 ex
895 558 972 639 ννῙν
991 580 1107 639 natum
1128 594 1200 641 esse
1220 580 1356 642 videtur.

177 692 265 765 Lege
284 690 421 753 τοιοῦτόν
448 695 546 763 <ιι>
570 688 590 769 ii
609 689 704 771 λέγειν
722 696 780 752 aut
796 690 901 765 <ιὸ>
918 690 1064 768 ιοιοῦτον,
1082 695 1118 753 ut
1131 693 1215 752 infra
1227 689 1304 770 (389
1316 690 1357 770 A)

179 803 216 864 τὰ
250 813 372 865 τοιαῦτα
402 806 529 880 legitur.
560 806 606 865 De
636 806 746 866 dativo
776 806 885 867 Ionido
919 810 1067 884 σμικροῖσι
1098 808 1161 868 vid.
1193 807 1284 889 ¹(licta
1318 808 1358 867 ad

122 914 153 979 ll
180 920 294 981 actu.
329 911 349 1003 ΙΙ
388 920 449 980 Pro
481 915 551 1002 ἐφιῇ
582 914 642 996 (sic
671 919 742 980 Ast.
774 919 854 979 Bkk.
888 917 1048 995 Schneid.)
1082 936 1167 981 unus
1198 920 1266 981 cod.
1298 916 1357 1003 ἐφῇ

178 1034 313 1107 praebet
342 1033 552 1107 probantibus
579 1032 690 1094 Herm.
722 1032 805 1095 Bait.
840 1031 971 1108 Gampb.
998 1031 1151 1094 Codicum
1174 1033 1355 1108 principum

177 1146 337 1207 lectiones
367 1146 450 1217 (Par.
482 1145 510 1206 A
534 1142 621 1223 ἔφην,
634 1145 722 1206 ·Ven.
749 1148 783 1205 Π
802 1142 872 1223 ἔφη)
896 1146 1056 1207 aoristum
1079 1146 1226 1219 flagitare
1251 1145 1357 1206 viden-

177 1263 242 1322 tur.
269 1293 309 1304 -
335 1260 396 1321 Pro
419 1260 502 1336 ζητεδ
516 1260 557 1320 Η.
579 1259 669 1320 Wolf
683 1260 723 1320 ci.
744 1264 832 1336 ποιεῖ,
850 1260 1015 1323 Herwerd.
1036 1258 1110 1337 (lin.
1136 1257 1232 1336 1883)
1246 1262 1363 1337 autem·

177 1372 267 1432 τίκτει
300 1373 352 1440 rel
383 1369 502 1433 ἐντίκτει
534 1372 579 1449 (iu
610 1374 770 1447 scriptura
801 1373 922 1434 unciali
955 1375 982 1432 T
1010 1375 1043 1433 et
1075 1376 1099 1431 Z
1126 1388 1358 1447 nonnunquam

177 1487 315 1548 confusa
327 1483 427 1564 sunt).
440 1487 486 1551 At
496 1487 585 1547 recte
598 1485 762 1561 Gampbell
775 1483 919 1563 (vertens
935 1487 1130 1563 „requires”
1149 1486 1358 1565 „demands”)

181 1600 352 1674 vulgatam
364 1602 475 1661 tuetur
486 1597 519 1659 ιδ
530 1606 666 1659 τοιοῦτον
677 1600 788 1661 dicens
799 1604 1108 1678 necromanticum,
1119 1601 1228 1675 itaque
1242 1602 1270 1662 si
1282 1602 1362 1678 ζητεῖ

179 1728 237 1787 per
264 1714 439 1788 „requirit”
465 1714 613 1789 vertitur,
637 1714 797 1789 optimum
822 1729 957 1775 sensum
981 1715 1211 1777 nanciscimur.
1235 1702 1359 1776 Similis

179 1828 410 1901 prosopopoeia
429 1827 568 1888 occurrit
587 1828 652 1887 370
665 1828 692 1887 Β
712 1826 748 1887 οὐ
761 1826 827 1906 γάρ,
839 1820 932 1904 οἶμαι,
944 1825 1039 1887 ἐθέλει
1051 1826 1083 1887 τὸ
1095 1826 1312 1905 πραττόμενον.

178 1938 355 2019 περιμένειν.
380 1974 420 1983 -
446 1940 563 2001 Oobeto
583 1942 705 2001 dudum
726 1939 801 2016 (Mn.
825 1941 920 2017 1854,
944 1939 1041 2020 1860)
1063 1932 1175 2020 οάτᾶροι
1194 1942 1214 2002 i.
1228 1957 1256 2003 θ.
1277 1938 1359 2001 οὔτοι

177 2050 237 2131 ἀρα
262 2055 405 2128 poscenti
425 2070 522 2116 nemo
541 2036 658 2129 paruit.
678 2054 747 2115 Viri
766 2054 817 2114 dd.
841 2054 1008 2128 vulgatam
1028 2055 1205 2116 detendunt
1224 2055 1358 2116 dicendo
1427 2090 1431 2097 ·

177 2170 217 2227 ut
233 2182 464 2241 nonnunquam
485 2189 514 2226 τε
527 2201 568 2209 -
582 2164 624 2245 δέ,
644 2168 691 2228 sic
711 2168 763 2228 bic
783 2163 850 2227 οάτε
864 2200 906 2209 --
920 2162 952 2226 δὲ
971 2167 1154 2228 adhibitum
1167 2183 1260 2243 esse;
1282 2184 1357 2229 oum

177 2282 291 2341 autem
320 2281 506 2341 vehementi
531 2277 582 2358 (ci.
607 2297 705 2356 supra
728 2282 755 2341 Β
778 2283 812 2341 et
835 2280 859 2341 G
883 2279 981 2359 μήτοι)
1005 2282 1177 2372 negatione
1201 2282 1253 2342 hic
1277 2297 1357 2356 opus

181 2398 237 2472 sit,
260 2398 407 2470 praestat
430 2395 547 2457 Gobeto
571 2396 803 2469 obtemperare.

29 2513 90 2570 389
122 2507 155 2575 A
227 2510 413 2570 Hermanno
446 2508 613 2584 (probante
642 2509 768 2569 Nabero
802 2510 887 2568 1864
920 2507 1044 2569 comm.
1060 2508 1152 2570 -Plat
1176 2508 1220 2584 Π)
1245 2504 1358 2568 οάκονν

177 2626 298 2698 legenti
332 2624 449 2685 deletis
482 2620 570 2683 ἀποδ.
603 2621 671 2701 περὶ
703 2627 786 2682 θεῶν
819 2639 861 2683 ne
896 2622 1070 2684 balbutiret
1109 2622 1222 2699 oratio,
1262 2638 1358 2684 nemo

175 2721 333 2800 assensus
355 2741 416 2814 est,
434 2753 552 2812 prooc;
575 2738 703 2798 videtur
725 2737 843 2809 aliquis
863 2732 1072 2813 ἀποδεξόμεθα
1091 2737 1273 2798 inculcasse
1292 2753 1356 2798 non

176 2829 362 2926 intelligens
391 2848 572 2922 ἀποδεκτέον
601 2868 629 2912 c.
653 2853 840 2912 accusativo
864 2851 1008 2912 construi
1032 2867 1138 2925 posse.
1163 2851 1267 2912 Verba
1290 2847 1357 2927 περὶ

176 2971 258 3026 θεῶν
282 2968 315 3028 ot
338 2967 502 3028 Herwerd.
528 2965 603 3043 (bin.
627 2966 724 3043 1883)
745 2966 904 3040 expunxit
926 2963 1070 3042 (servato
1089 2963 1201 3042 ἀποδ.),
1223 2965 1354 3040 optime,

176 3081 253 3153 quia
286 3096 351 3141 non
384 3081 483 3142 refert
517 3083 629 3140 utrum
660 3081 699 3140 de
730 3080 800 3141 deis
830 3095 931 3140 necne
962 3080 1042 3140 baec
1073 3080 1159 3139 dicta
1191 3078 1268 3154 sint,
1300 3080 1357 3140 sad

178 3196 288 3255 utrum
322 3210 399 3256 vera
421 3210 463 3255 an
486 3193 580 3254 falsa.
604 3194 792 3254 Hermanno
815 3194 916 3267 igitur
938 3194 1070 3254 omnino
1093 3193 1269 3268 parendum
1294 3195 1355 3254 est.

177 3308 256 3368 Post
274 3307 461 3368 ποιπνύοντα
482 3308 672 3380 neutiquam
691 3308 985 3382 interpungendum
1006 3309 1067 3369 est.
1089 3307 1252 3368 Naberum
1277 3305 1310 3384 (l.
1323 3305 1357 3385 l.)

178 3423 346 3495 praeterea
377 3437 508 3482 versum
542 3421 681 3483 alterum
713 3417 753 3491 ὡς
784 3419 852 3479 ἴδον
882 3423 932 3480 κτλ
967 3422 1096 3496 „utpote
1120 3421 1200 3481 nibil
1224 3422 1358 3482 adrem
1457 3433 1458 3436 ’

177 3534 373 3596 iacientem”
405 3535 576 3596 eicientem
608 3550 673 3595 non
702 3534 824 3595 falsum
855 3549 928 3596 esse
960 3531 1048 3611 puto,
1081 3550 1157 3596 cum
1179 3535 1271 3596 Plato
1295 3510 1364 3596 non¹

176 3648 265 3709 risus
298 3663 444 3724 causam,
475 3649 533 3708 sed
563 3649 673 3722 ipsum
704 3648 807 3708 risum
838 3649 980 3709 effusum
1011 3648 1224 3722 reprehendat
1254 3663 1358 3722 neque

176 3761 341 3836 probabile
374 3762 419 3822 ait
444 3762 616 3823 Platonem
643 3761 784 3821 indicare
813 3761 955 3822 voluisse
983 3776 1019 3821 se
1046 3762 1154 3836 potius
1181 3764 1220 3823 de
1247 3762 1358 3823 Iliadis

127 3873 224 3953 citi
254 3874 331 3954 599)
362 3876 431 3937 loco
461 3891 561 3950 quam
592 3875 632 3935 de
662 3875 826 3949 Odysseae
858 3874 893 3951 (u
926 3873 1002 3954 326)
1035 3875 1206 3948 cogitasse.
1236 3867 1255 3959 ΙΙ
1281 3875 1356 3935 Voc.

177 3989 332 4061 τοιούτους
355 3992 432 4051 ante
454 3986 598 4069 ἀρχοντας
622 3989 803 4050 omiserunt
825 3988 994 4065 stobaeus,
1015 3989 1087 4050 Par.
1108 3981 1161 4064 ΑΙ,
1181 3988 1237 4049 alii
1257 3988 1357 4061 codd,

177 4104 312 4179 optime,
347 4104 423 4178 quia
456 4119 521 4164 non
551 4105 709 4164 adversus
739 4091 898 4176 quosdam
929 4104 1081 4177 rectores,
1113 4102 1171 4162 sed
1201 4101 1358 4160 adversus
1488 4169 1490 4173 y

179 4216 340 4290 quoslibet
363 4218 505 4278 rectores
529 4217 660 4277 mentiri
683 4231 747 4276 non
771 4215 856 4276 licet.
882 4215 906 4275 Ε
928 4229 1119 4289 praegresso
1142 4220 1194 4272 τοῦ
1219 4211 1356 4272 τοιούτου

179 4325 294 4392 natum
318 4332 371 4392 est
392 4328 462 4402 τοὺς
484 4331 646 4401 τοιούτους.
669 4331 707 4390 In
731 4330 817 4390 notis
842 4328 972 4403 campo.
998 4342 1128 4388 mecum
1152 4326 1240 4386 iacit.
1261 4325 1358 4386 Porro

179 4447 237 4505 aut
264 4461 291 4505 d.
316 4444 453 4517 stoliaco
476 4443 650 4517 legendum
672 4441 742 4513 τοὺς
765 4437 910 4520 ἄρχοντας
939 4441 1048 4523 <τῷ>
1077 4437 1178 4520 ἰδιώτῃ
1203 4441 1261 4498 aut
1283 4437 1358 4517 πρός

177 4579 211 4638 γε
242 4555 281 4634 δὴ
314 4556 405 4629 [τοὺς]
439 4553 583 4639 ἄρχοντας
614 4554 716 4638 ἰδιώτῃ
747 4556 819 4617 coll.
853 4556 918 4617 390
949 4555 987 4614 A.
1019 4553 1112 4612 Prius
1142 4552 1224 4612 mihi
1252 4553 1357 4626 magis
1399 4587 1401 4591 ν

178 4673 298 4750 placet.¹
321 4705 357 4715 -
379 4671 559 4744 Madvigius
578 4671 639 4731 sub
658 4668 757 4730 finem
776 4666 889 4749 λέγοντι
911 4667 1068 4742 expunxit
1081 4663 1358 4744 (nemoassensus
