3417 5175
895 416 938 473 64

509 603 673 682 σκορόδων,
693 602 798 680 ἐλαῶν,
819 606 982 683 κρομμύων
1004 604 1037 664 ἒν
1060 606 1190 677 δικτύοις

510 717 675 793 στεφάνων,
695 717 854 796 τριχιδίων,
875 717 1072 797 αὐλητρίδων,
1095 718 1241 779 ὑπωπίων
1263 725 1322 780 ιιτί..

377 831 582 893 Stallbaumii
615 833 799 893 emendatio
832 831 884 892 ταὶ
913 830 994 909 ἕτερα
1025 832 1161 910 πέμματα
1194 837 1370 897 admodum
1402 837 1510 911 friget.

332 945 404 1005 Non
434 946 521 1006 male
551 947 623 1007 Ast.
652 952 687 1007 et
716 948 798 1007 Bkt.
829 947 946 1007 Veneti
979 950 1009 1005 ll
1037 948 1210 1008 lectionem
1246 946 1368 1020 <ιιαί>
1403 948 1512 1009 ἕκαστα

331 1062 522 1133 receperunt
554 1054 632 1138 (‚,Et
663 1060 793 1133 quidem
823 1061 953 1134 singula
986 1062 1126 1121 istorum
1157 1064 1238 1122 varii
1268 1062 1441 1141 generis'').
1467 1098 1510 1108 -

332 1173 438 1233 Verba
471 1171 521 1231 καὶ
553 1171 609 1250 τὴν
640 1174 801 1249 ποικιλίαν,
830 1189 914 1247 quae
944 1176 1016 1236 Par.
1049 1177 1078 1236 A
1108 1190 1184 1252 om,
1208 1177 1373 1237 eiecerunt
1396 1178 1509 1239 Herm.

331 1288 415 1349 Bait.
439 1288 633 1349 Schmelzer.
657 1289 702 1348 At
719 1292 807 1349 recte
827 1289 1001 1349 Schneider
1020 1292 1053 1350 et
1073 1289 1204 1364 campo.
1227 1292 1325 1350 verba
1336 1295 1512 1353 servarunt

331 1418 494 1462 memores
524 1403 710 1463 crebrarum
740 1403 879 1462 Parisini
907 1404 937 1461 A
968 1404 1087 1463 codicis
1118 1405 1345 1465 omissionum.
1369 1405 1511 1463 Ποικιιία
1572 1464 1575 1467 .

330 1517 523 1592 praesertim
552 1517 591 1577 de
622 1520 692 1576 arte
723 1532 784 1583 acu
813 1517 965 1591 pingendi
995 1518 1204 1592 intelligenda
1235 1521 1296 1594 est,
1320 1519 1360 1579 of.
1384 1535 1436 1580 ex.
1461 1536 1509 1593 gr.

280 1618 310 1683 Β
333 1630 471 1704 Euthyp.
504 1633 524 1690 6
553 1630 580 1689 B
603 1628 637 1704 G,
660 1630 739 1704 Rep.
763 1631 826 1689 401
851 1632 891 1690 Α.
917 1621 937 1713 ΙΙ
960 1631 989 1691 J.
1013 1630 1146 1691 Richter
1169 1628 1287 1709 (Fleok.
1311 1632 1383 1693 Jbb.
1411 1632 1509 1709 1867)

332 1747 372 1805 ci.
396 1743 515 1820 μείζονα
534 1743 675 1820 τοιαύτην
695 1741 734 1821 (8.
755 1744 878 1821 ταύτην)
898 1744 952 1820 τήν
972 1744 1070 1816 πόλιν,
1089 1745 1199 1807 Heller
1219 1744 1304 1821 (Gur.
1319 1746 1396 1808 (trit.
1409 1762 1439 1820 p.
1454 1748 1508 1823 33)

331 1860 444 1917 autem
467 1857 650 1930 requirebat
672 1856 792 1932 μείζονά
811 1879 840 1916 τε
861 1855 955 1933 αὐτὴν
975 1856 1030 1933 τὴν
1048 1858 1137 1917 πόλιν
1149 1862 1208 1934 κτλ,
1219 1850 1354 1931 uterque
1366 1861 1510 1933 graviter

329 1971 451 2045 lapsus.
476 1961 524 2028 Ab
542 1972 762 2031 necessarium
784 1974 836 2031 est
853 1975 891 2031 ut
911 1971 1060 2032 Socrates
1078 1973 1221 2033 declaret
1231 1988 1316 2033 nova
1327 1974 1509 2035 accretione
1588 2038 1590 2041 ,

330 2100 412 2159 opus
434 2100 517 2159 esse,
543 2086 650 2145 verbis
672 2087 783 2144 autem
806 2083 862 2159 τὴν
884 2083 972 2143 πόλιν
996 2101 1074 2145 vera
1097 2088 1131 2146 et
1156 2102 1237 2147 sana
1261 2086 1388 2160 civitas,
1410 2099 1507 2159 quam

331 2200 426 2259 modo
454 2198 662 2260 condiderant
685 2197 737 2273 (cf.
762 2198 786 2257 C
809 2194 840 2256 ἕν
863 2208 899 2280 τῇ
922 2196 1049 2280 προτέρᾳ
1072 2197 1178 2276 πόλει),
1203 2200 1374 2260 indicatur.
1399 2198 1509 2258 Obiter

329 2314 452 2386 corrige
482 2312 568 2388 μείζω
599 2328 656 2385 pro
686 2312 813 2387 μείζονα.
846 2346 885 2352 -
922 2312 967 2372 De
998 2313 1065 2372 illis
1095 2318 1256 2389 θηρευταῑς
1288 2313 1324 2373 0.
1356 2312 1510 2372 Benseler

331 2426 449 2501 (Fleclr.
473 2426 544 2486 Jbb.
572 2426 655 2485 1881
676 2426 727 2486 bd.
751 2427 826 2502 123)
847 2427 997 2499 perdocte
1017 2427 1196 2501 disputavit
1216 2426 1411 2487 vocabulum
1430 2426 1509 2485 illud

330 2541 456 2616 proprio
479 2554 579 2600 sensu
600 2538 822 2614 accipiendum
842 2554 916 2599 esse
936 2555 1083 2602 monens.
1099 2541 1215 2601 Aetius
1228 2541 1315 2600 enim
1327 2538 1510 2616 μοιτιάντας

332 2654 550 2728 metaphorice
580 2654 680 2714 etiam
711 2655 875 2728 sophistas
898 2655 1060 2729 designari
1083 2656 1228 2730 putabat,
1252 2656 1307 2728 qui
1330 2671 1380 2728 ap.
1405 2653 1508 2714 Plato·

330 2783 406 2828 nem
431 2766 537 2843 (Soph.
563 2768 624 2827 231
650 2765 688 2843 D)
707 2764 785 2826 νέων
803 2764 854 2825 καί
872 2767 1023 2827 πλουσίων
1042 2766 1183 2845 ἔμμισθοι
1201 2765 1506 2846 θηρευταὶὸιιᾱὶιιῠῑ.

329 2881 429 2941 Recte
453 2880 564 2944 Stallb.
589 2882 761 2940 venatores
784 2882 876 2940 cuius
899 2881 978 2941 libet
1000 2882 1128 2954 generis
1152 2881 1314 2956 intelligit,
1339 2895 1403 2941 non
1418 2856 1509 2940 ⁴mul·

329 2995 478 3054 titudinis
507 2994 648 3068 gratiam
679 3009 717 3053 ac
747 2994 962 3070 dominatum,
995 2995 1052 3054 sed
1083 2995 1206 3055 bestias
1231 2995 1397 3054 venantes.
1426 2993 1509 3053 Non·

329 3108 418 3169 nulla
439 3111 630 3168 venatorum
650 3122 769 3182 genera
787 3109 821 3167 in
842 3109 981 3182 Legibus
1000 3108 1116 3178 (8231)
1136 3109 1199 3168 824
1213 3108 1248 3178 B)
1266 3110 1508 3168 enumerantur.

331 3222 550 3296 Gampbellius
568 3237 694 3294 quoque
714 3222 940 3296 metaphoram
958 3222 1021 3281 huo
1040 3237 1103 3282 non
1122 3222 1276 3282 admittit.
1292 3256 1333 3266 —
1346 3221 1408 3281 Per
1420 3243 1509 3297 μιμη-

328 3333 379 3406 rig
403 3331 469 3411 περὶ
491 3333 526 3393 τὰ
550 3333 682 3412 σχήματά
705 3357 734 3393 τε
757 3331 807 3393 καί
830 3335 967 3413 χρώματα
991 3333 1122 3409 Campb.
1147 3337 1234 3395 recte
1261 3335 1414 3408 intelligit
1437 3337 1508 3394 tam

329 3449 509 3522 sculptores
541 3445 741 3525 (statuarios)
769 3463 868 3521 quam
892 3449 1049 3522 pictores;
1073 3447 1227 3508 Benseler
1251 3443 1285 3524 (l.
1310 3443 1343 3524 l.)
1368 3447 1508 3520 pictores

240 3639 243 3643 .
327 3563 459 3622 tantum
492 3561 629 3634 intelligi
668 3561 739 3621 vult
773 3564 902 3636 propter
934 3563 995 3622 601
1029 3562 1057 3621 Α
1089 3556 1105 3620 ὁ
1137 3558 1291 3639 ζωγράφος
1326 3558 1508 3636 σκυτοτόμον

328 3674 445 3750 ποιήσει
458 3720 465 3735 .
480 3720 486 3732 .
499 3720 506 3732 .
520 3720 526 3732 .
544 3677 604 3745 τοῖς
626 3672 666 3750 μὴ
685 3671 841 3733 ἐπαΐουσιν
854 3673 912 3753 (sc.
925 3671 992 3751 περὶ
1005 3670 1220 3751 σκυτοτομίας),
1234 3670 1266 3731 ἐκ
1277 3680 1335 3731 τῶν
1347 3671 1508 3750 χρωμάτων

330 3782 362 3846 δὲ
393 3784 443 3846 καὶ
464 3786 627 3865 -σχημυίτυυ
660 3791 837 3865 θεωροῦσιν,
873 3788 1002 3863 „farben
1035 3789 1099 3848 und
1131 3786 1304 3846 umrisse.''
1329 3786 1394 3859 Ego
1418 3801 1508 3845 omae

328 3917 427 3977 genus
458 3902 660 3976 sculptorum
694 3904 727 3962 et
761 3902 922 3976 pictorum
954 3899 1005 3979 (of.
1038 3902 1104 3961 420
1135 3899 1169 3977 0)
1198 3900 1352 3973 intelligo.
1376 3901 1414 3958 In
1438 3900 1505 3959 cod.

276 4015 308 4080 Ι)
331 4015 410 4076 Ven.
436 4018 446 4075 i
466 4015 506 4074 ad
525 4012 665 4098 ῥαψῳδοί
682 4015 768 4074 idem
788 4015 932 4075 scholion
952 4014 1080 4090 legitur,
1102 4015 1185 4088 quod
1205 4015 1246 4074 ad
1265 4015 1333 4074 Ion.
1355 4012 1470 4073 baon.
1487 4004 1504 4092 Η

328 4127 429 4189 Recte
464 4128 602 4189 Cobetus
637 4126 795 4204 (nonnulli
827 4128 914 4188 codd.
946 4126 1026 4207 χρεία
1059 4124 1224 4205 exhibent)
1256 4127 1396 4187 correxit
1426 4125 1507 4206 χρείᾳ

329 4257 386 4318 pro
416 4242 523 4322 χρείαις
551 4241 622 4303 coll.
646 4242 711 4302 410
736 4242 774 4317 A,
799 4242 915 4303 5671.
942 4240 1106 4316 Gampbell
1129 4240 1237 4318 χρείαις
1262 4239 1404 4300 defendit
1430 4252 1506 4298 voce

330 4356 479 4429 εὐπετείας
513 4358 545 4418 in
582 4358 646 4418 364
678 4355 700 4417 0
730 4354 820 4434 (legit
849 4358 936 4417 enim
968 4354 1044 4434 πέρι,
1075 4371 1139 4416 non
1165 4353 1254 4432 περί).
1278 4354 1401 4414 Littera
1424 4368 1442 4410 ο
1465 4368 1507 4412 ex

329 4473 546 4549 dittographia
573 4474 651 4532 nata
674 4473 725 4532 est
753 4468 1142 4548 (ΧΡΕΙΑΙΕΟΟΜΕΘΑ),
1168 4503 1209 4512 —-
1233 4463 1304 4529 Pari
1330 4460 1372 4528 ΑῙ
1398 4468 1505 4528 lectio·

329 4604 405 4649 nem
429 4585 448 4665 b
471 4596 534 4659 πῶς
560 4585 688 4666 λέγωμεν
713 4588 903 4661 receperunt
926 4586 987 4645 soli
1010 4585 1092 4646 Bait.
1117 4587 1150 4646 et
1174 4584 1304 4658 Gampb.
1329 4599 1403 4644 cum
1427 4583 1505 4643 Bek-

328 4704 416 4764 kero.
447 4702 646 4765 indicativus
678 4703 728 4762 est
759 4701 998 4776 interrogantis
1031 4700 1256 4760 coniunctivus
1287 4697 1505 4758 deliberantis.
