3417 5175
748 400 789 460 73

178 588 282 648 terius
300 589 499 663 probandum
511 591 573 666 est,
586 590 662 663 quia
672 589 808 650 minime
820 604 901 664 opus
914 591 965 649 est
977 591 1014 649 ut
1025 592 1099 665 post
1110 586 1203 669 λε’γειν
1216 591 1352 685 addatur

177 705 419 781 μυθολογοῦντα,
449 717 524 763 cunr
554 718 611 778 per
641 704 749 765 totum
778 704 865 763 hunc
896 703 1004 764 locum
1036 704 1074 764 de
1102 704 1221 765 fabulis
1244 720 1352 765 sermo

177 816 237 891 sit;
271 830 333 875 non
365 816 461 876 modo
493 822 585 876 ταντα
616 818 656 877 ad
686 818 862 889 utrumque
890 818 1025 877 verbum
1048 814 1142 897 λέγειν
1166 820 1199 878 et
1222 814 1353 895 ἀκούειν,

177 928 235 988 sed
260 929 360 989 etiam
384 923 445 1006 μήτ’
466 926 497 988 ἕν
517 926 610 1015 μέτρῳ
631 923 695 1006 μήτ’
716 925 789 990 ἀνευ
810 926 916 1009 μέτρον
936 931 1086 1004 pertinet.
1108 932 1145 991 In
1164 932 1220 1001 §B
1240 934 1351 994 eutem

177 1043 306 1115 corrige
321 1042 368 1101 sis
386 1050 487 1101 κακῶν
507 1038 540 1102 δὲ
559 1041 654 1102 αἴτιον
676 1042 793 1119 [φάναι]
807 1040 883 1102 θεὸν
895 1046 954 1120 κτλ,
968 1044 1043 1117 quie
1055 1043 1235 1106 infinitivus
1247 1044 1353 1123 φαναί,

177 1171 252 1216 cum
274 1171 378 1229 neque
398 1171 418 1216 a
436 1152 530 1235 λέγειν
549 1172 654 1231 neque
670 1158 710 1217 ab
729 1154 851 1218 ἀκούειν
868 1159 1005 1233 pendere
1021 1159 1134 1235 possit,
1147 1161 1305 1233 tanquam
1319 1160 1352 1219 in

177 1285 253 1330 aere
284 1284 463 1345 suspensus
493 1274 554 1331 est.
578 1273 615 1331 in
639 1266 705 1341 §d
727 1271 786 1333 ult.
811 1272 859 1333 sio
882 1273 1129 1347 interpungatur
1150 1273 1180 1333 τί
1201 1270 1233 1333 δὲ
1257 1274 1311 1351 δή;
1335 1270 1351 1334 ὁ

177 1383 314 1461 δεύτερος
345 1381 411 1456 tta
441 1418 478 1426 -
514 1385 614 1445 Paulo
644 1386 721 1446 ante
752 1386 818 1447 iere
849 1401 964 1447 omnes
996 1387 1086 1448 editt.
1118 1386 1188 1459 τοὺς
1214 1384 1351 1468 λέγοντας

175 1493 272 1576 λέγειν
303 1499 453 1573 tuentur;
485 1500 520 1559 at
555 1502 655 1569 <τε>
690 1500 818 1560 defendi
840 1501 949 1574 potest
972 1500 1079 1561 verbis
1101 1501 1135 1560 in
1159 1502 1222 1563 388
1251 1499 1352 1562 Ακαὶ

175 1608 272 1691 λέγειν
301 1609 352 1672 καὶ
382 1617 487 1673 τιοιεῐν.
517 1614 677 1675 Eusebius
709 1616 742 1675 et
772 1614 993 1688 Theodoretus
1023 1614 1103 1676 illud
1132 1636 1161 1673 τε
1188 1616 1350 1678 exhibent.

123 1723 154 1788 I)
178 1727 300 1787 Deinde
330 1728 452 1801 corrige
482 1724 598 1811 ἀττοχργ
629 1744 685 1804 pro
708 1725 832 1807 ἀπόχρη.
857 1719 876 1811 Η
901 1728 1015 1789 Astius
1040 1731 1072 1789 et
1095 1729 1289 1792 Benedictus
1310 1731 1339 1791 oi

175 1837 239 1899 τότε
271 1834 325 1917 μὲν
354 1836 443 1900 ἄλλον
474 1839 650 1920 γνγνόμενον
681 1856 738 1916 pro
769 1839 832 1901 τότε
863 1836 917 1918 μὲν
948 1839 1040 1901 αὐτὸν
1071 1864 1137 1921 γιγ,
1160 1855 1241 1915 quoe
1264 1846 1352 1905 recte
1394 1879 1396 1883 ·

74 1929 76 1933 .
176 1954 288 2015 Stallb.
312 1954 442 2015 refellit.
466 1954 670 2031 Quamquam
693 1956 793 2029 igitur
816 1952 908 2014 αὐτὸν
932 1955 1130 2016 servandum
1154 1957 1215 2027 est,
1240 1957 1352 2017 textus

175 2072 289 2128 tamen
319 2082 420 2128 sanus
450 2084 514 2129 non
547 2070 607 2145 est,
632 2069 708 2142 quis
730 2050 888 2149 γίγνεσθαι
910 2069 995 2129 nude
1018 2068 1161 2143 positum
1185 2084 1351 2143 nunquam

179 2182 342 2257 „mutari”
373 2182 555 2257 significare
585 2185 702 2258 potest.
733 2183 972 2246 Herwerdenus
996 2184 1069 2254 (hin.
1096 2184 1192 2255 1883)
1216 2185 1287 2245 ideo
1311 2185 1350 2245 ci.

176 2293 270 2355 αὐτὸν
305 2294 569 2369 <τταντοδαπὸν>
604 2295 781 2377 γιγνόμενον
809 2298 881 2359 coll.
911 2299 972 2358 381
998 2297 1068 2375 uic,
1093 2298 1157 2358 389
1182 2298 1264 2375 init..
1288 2314 1352 2372 qua

178 2415 212 2470 ca
234 2410 364 2485 recepta
385 2410 551 2486 inelegans
574 2411 753 2485 tautologia
775 2412 938 2487 nascitur;
962 2411 1118 2497 Richards
1138 2411 1251 2483 (dlass.
1271 2413 1350 2475 Rev.

181 2524 277 2595 1893)
304 2524 405 2587 dubit.
429 2525 468 2585 ci.
495 2523 558 2585 τότε
581 2520 635 2603 μὲν
663 2522 824 2595 <dtt0v>
852 2523 945 2588 αὐτὸν
968 2525 1093 2608 γνγνόμ,
1116 2529 1201 2602 quod
1224 2529 1352 2605 propter

177 2654 318 2714 sequens
349 2635 526 2699 ἀλλάττοντα
549 2640 636 2702 male
663 2642 768 2702 sonat.
793 2641 870 2701 Mihi
893 2640 1020 2702 videtur
1043 2662 1070 2700 τι
1093 2641 1253 2704 excidisse
1276 2645 1352 2718 ante

177 2753 353 2834 γιγνόμενον
378 2751 643 2832 (ΤΙΓΙγνόμενον).
666 2754 737 2816 Non
761 2769 895 2816 necesse
919 2756 971 2816 est
993 2755 1064 2816 ooll.
1085 2755 1186 2815 3818
1207 2758 1244 2816 ut
1263 2757 1353 2817 verbi
1425 2753 1433 2781 ·’

178 2869 277 2928 δοκεῖν
309 2868 491 2929 subiectum
522 2868 566 2952 sit
596 2863 685 2945 ἡμᾶς,
716 2868 778 2929 etsi
809 2869 875 2930 illic
908 2869 981 2939 (381
1003 2870 1038 2940 Ε)
1065 2868 1189 2944 aliquot
1211 2870 1300 2934 codd.
1325 2885 1351 2930 c.

124 2987 152 3052 Ε
178 2981 315 3043 Eusebio
338 2976 416 3058 ἡμᾶς
439 2996 495 3056 pro
518 2976 590 3058 ἡμῖν
614 2982 779 3057 praebent.
805 2973 825 3064 ΙΙ
849 2982 979 3043 Eusebii
1002 2983 1157 3044 lectiones
1181 2979 1352 3062 ὑγιέστατον

181 3101 282 3168 <τε>
309 3092 359 3154 καὶ
382 3096 415 3155 et
436 3095 471 3156 in
496 3095 558 3156 381
577 3096 606 3155 A
629 3091 840 3174 ἀνδρειοτάτην
864 3092 967 3155 τεκαὶ
990 3095 1103 3157 Aetius
1126 3097 1285 3170 probavit.

34 3212 91 3272 381
121 3208 152 3275 A
222 3208 283 3269 Pro
296 3206 346 3269 ὀἀ
369 3205 424 3285 τὴν
446 3209 526 3270 Ven.
551 3211 586 3268 Π
606 3209 738 3270 exhibet
761 3207 866 3286 αὐτήν.
890 3210 1042 3286 Suspicor
1064 3211 1234 3272 Platonem
1248 3212 1352 3287 serip-

177 3322 262 3382 sisse
281 3319 383 3400 ψυχὴν
407 3316 433 3382 d’
460 3312 500 3382 αά
524 3320 560 3383 od
584 3321 639 3399 τὴν
662 3326 720 3382 κτλ.
743 3323 850 3384 Verba
872 3319 923 3382 καλ
945 3320 1143 3402 ἀμφιέσματα,
1171 3341 1254 3398 quae
1277 3341 1353 3387 oum

176 3435 254 3494 Par⁰
273 3435 302 3494 A
322 3431 389 3513 (ubi
407 3436 517 3510 procul
537 3437 634 3498 dubio
652 3438 781 3512 propter
800 3436 995 3498 homoeotel.
1012 3431 1033 3516 ¹)
1055 3419 1255 3518 exciderunt)
1269 3440 1352 3502 Bait.

177 3551 211 3609 et
227 3549 339 3611 Herm.
352 3550 543 3627 omiserunt,
557 3553 644 3613 recte
657 3553 831 3612 servarunt
842 3552 1017 3614 Schneider
1029 3555 1062 3613 et
1075 3552 1256 3630 Gampbell;
1278 3569 1353 3615 oum

175 3677 232 3737 per
251 3660 382 3734 ξύνθετο
400 3663 537 3738 intelligi
559 3666 705 3740 oporteat
724 3681 839 3728 omnes
859 3682 912 3727 res
933 3681 1015 3740 qnae
1034 3667 1240 3745 fabricentur,
1258 3669 1353 3729 vesti·

175 3779 289 3837 ments
319 3793 446 3852 quoque
475 3778 517 3838 iis
544 3780 752 3841 adnumerari
773 3782 920 3855 possunt.
944 3779 1046 3858 Σκεύγ
1071 3795 1233 3843 veronen
1258 3783 1353 3844 modo

177 3893 254 3951 sunt
274 3906 354 3952 vasa
373 3888 423 3970 (ut
443 3893 506 3952 Ast
526 3892 673 3955 Schneid.
693 3890 887 3972 verterunt),
908 3894 965 3954 sed
988 3893 1089 3954 etiam
1102 3894 1265 3970 supellex;
1304 3895 1357 3956 vid

118 4003 150 4068 B
175 4005 281 4071 alah
303 4003 405 4064 κλῖναί
415 3998 439 4083 ²)
463 4027 493 4064 τε
516 4002 567 4064 καὶ
590 4004 729 4085 τράπεζαι
751 4003 802 4066 καὶ
825 3998 915 4066 τᾶλλα
935 4007 1034 4084 σκεύη.
1056 3999 1075 4092 ΙΙ
1096 4008 1157 4068 Pro
1177 4005 1354 4087 ἀμφοτέροις

174 4119 348 4194 legendum
378 4122 456 4195 puto
487 4117 640 4201 ἀμφότερα
670 4123 742 4185 coll.
775 4123 869 4197 Gorg.
903 4123 967 4184 524
989 4122 1012 4185 O
1035 4123 1078 4185 in.
1104 4123 1193 4199 φύσει
1216 4119 1235 4201 ἢ
1257 4131 1353 4205 τροφῇ

125 4229 152 4297 C
175 4229 195 4311 h
225 4230 386 4312 ἀμφότερα.
418 4226 437 4318 ΙΙ
468 4235 553 4309 Lege
584 4232 682 4314 ἔμοιγε
713 4236 812 4296 δοκεῖν
842 4252 900 4312 pro
931 4234 951 4296 ἐ.
976 4237 1066 4315 δοκεῖ,
1092 4236 1167 4311 quia
1190 4236 1230 4297 ed
1253 4233 1353 4294 ἅπασα

118 4345 151 4410 I)
175 4342 291 4426 ἀνάγκη
323 4347 530 4421 cogitandum
562 4350 614 4408 est
645 4345 730 4409 ἐστίν.
755 4341 774 4432 ΙΙ
798 4350 844 4410 De
876 4350 1010 4412 Thetide
1037 4350 1077 4411 cf.
1106 4349 1295 4424 Sophoclem
1319 4349 1352 4409 in

207 4543 229 4611 ¹)
250 4549 292 4596 sio
315 4551 393 4610 paulo
411 4554 470 4598 ante
490 4553 573 4600 h1ob
591 4553 700 4601 eandem
715 4566 820 4602 oausam
837 4555 925 4602 omisit
941 4554 1021 4601 verba
1034 4555 1072 4601 καλ
1091 4559 1185 4600 κινεῖται
1190 4573 1197 4608 ;
1218 4549 1267 4601 οἷον
1283 4561 1351 4614 σῶμα

173 4629 219 4675 bnt
238 4632 318 4676 enum
336 4644 366 4676 τε.

206 4702 225 4767 ²)
243 4707 285 4756 Sic
302 4709 360 4757 Per.
378 4710 399 4756 A
417 4723 468 4758 seo.
488 4710 595 4772 Oampb.
613 4711 725 4760 exhibet.
