3417 5175
744 406 785 465 87

175 590 506 664 interpretamentum
537 591 681 653 eicienda
710 592 848 667 putavit,
877 594 961 667 quod
985 608 1035 669 ap.
1060 595 1159 657 bonos
1184 599 1355 673 scriptores

177 704 307 765 Atticos
326 701 403 775 ὅστις
424 706 458 765 et
478 703 509 777 ύς
529 720 593 766 non
605 705 788 780 promiscue
800 709 1015 783 usurpentur,
1028 709 1099 770 aine
1112 726 1220 787 cauea,
1233 726 1310 773 nam
1322 714 1356 773 in

180 818 247 880 399
259 816 283 881 0
302 816 410 888 τούτοις
433 816 536 877 δύο...
547 863 552 875 .
573 816 692 894 αἵτινες,
709 818 743 879 in
764 818 866 881 618li
884 818 969 899 χείρω
989 816 1043 899 μὲν
1062 825 1221 900 καλοῦντα,
1239 818 1272 895 ὃς
1282 869 1354 900 .....

177 929 290 1009 ἀμείνω
314 925 343 990 δ’
370 929 447 1002 ὅστις
470 934 528 990 att.
552 930 703 1005 legimus,
727 931 812 993 sicut
835 948 932 1007 saepe
957 932 974 997 ὅ
995 955 1022 993 ιι
1045 930 1137 1009 prc‘o'
1158 938 1192 997 et
1211 934 1280 997 ὅσον
1299 954 1356 1013 pro

178 1036 217 1103 ot
248 1044 299 1115 (cf.
331 1044 425 1118 Gorg.
456 1040 560 1106 453ss
591 1038 665 1104 αὐτὸ
688 1051 785 1122 τοῦτο,
814 1042 881 1125 περὶ
908 1044 977 1106 ὅσον
1004 1042 1020 1106 ὁ
1043 1046 1129 1127 λόγος
1153 1046 1242 1127 ἐστίν)
1267 1066 1355 1113 usur·

177 1162 284 1233 patur.
309 1158 388 1220 Mire
411 1158 541 1232 Gampb.
566 1160 702 1219 annotat
728 1158 803 1235 ,the
826 1157 991 1220 indefinite
1014 1161 1151 1223 relative
1171 1164 1255 1223 auita
1275 1165 1355 1225 with

178 1274 302 1335 Plato's
323 1272 460 1333 affected
483 1272 687 1346 ignorance.”
711 1271 783 1333 Par.
808 1263 850 1332 AI
876 1294 1002 1350 ανιινες,
1022 1274 1054 1335 in
1076 1290 1140 1350 mg.
1162 1292 1207 1337 m.
1229 1279 1293 1338 vet.
1315 1268 1354 1337 ού

176 1408 255 1459 τινες
279 1384 377 1465 (sicut
399 1386 478 1448 Ven.
504 1390 557 1463 Π),
580 1377 635 1447 AII
658 1385 766 1459 αἵτινες
790 1387 931 1449 exhibet.

36 1498 93 1557 399
120 1492 150 1557 A
224 1502 303 1561 Fere
322 1516 437 1562 omnes
455 1500 545 1561 editt.
565 1502 652 1562 recte
673 1501 849 1575 probarunt
868 1502 1008 1563 formam
1028 1500 1183 1562 κατάλειπε
1204 1504 1237 1563 et
1255 1503 1355 1573 inii}

179 1619 261 1673 ίεῖιιε
283 1630 339 1690 pro
362 1616 477 1677 formis
499 1615 712 1694 aenatorum,
736 1615 799 1677 vid.
823 1615 991 1677 Hellerum
1011 1614 1095 1687 (Cur.
1117 1614 1193 1678 Orit.
1213 1632 1243 1691 p.
1264 1618 1295 1687 4)
1316 1618 1355 1678 de

124 1721 153 1785 B
178 1729 324 1791 confusis
353 1740 380 1788 a
411 1730 444 1790 et
475 1743 487 1787 ῑ
515 1728 549 1789 in
580 1727 717 1789 Politiae
745 1728 846 1789 libris.
875 1720 899 1809 ΙΙΙ
922 1729 1008 1791 Astii
1031 1731 1090 1791 cam
1113 1726 1356 1809 καραιειαμὲνως

178 1844 281 1906 etiam
313 1841 451 1904 Gobetus
482 1839 557 1921 (Mn.
592 1844 677 1905 1860
706 1858 736 1917 p.
770 1840 846 1917 244)
878 1842 1083 1917 improbavit.
1117 1874 1157 1885 -
1186 1844 1291 1905 Verba
1314 1842 1355 1922 μὴ

179 1955 268 2041 βιαίιμ
297 1971 362 2017 non
392 1954 577 2029 significant
610 1970 688 2032 ,nec
720 1954 882 2016 violenta'’
915 1956 973 2026 (sic
1004 1957 1065 2016 Aet
1096 1956 1265 2037 sauneio),
1297 1958 1355 2019 sed

182 2070 367 2147 ,coactusss’
391 2070 560 2145 propterea
582 2070 666 2143 quod
689 2070 730 2130 iis
753 2066 888 2141 ἑκούσιος
912 2070 1095 2145 oppositum
1116 2073 1176 2132 eat.
1196 2070 1303 2131 Etiam
1324 2070 1358 2131 oi

177 2183 272 2263 βίαιοι
302 2182 421 2264 ιιρύξεις
452 2198 525 2245 esee
555 2186 693 2258 possunt
715 2180 856 2260 ἑκούσιοι,
880 2184 943 2244 rid.
967 2184 1064 2258 Legg.
1089 2184 1154 2245 874
1167 2184 1203 2248 D.
1229 2184 1354 2261 Quomi·

177 2314 241 2359 nus
279 2295 413 2369 ἑκούσιος
451 2313 507 2372 per
541 2298 707 2374 „amicus”
739 2299 918 2374 vertamue,
949 2297 1079 2372 linguae
1110 2314 1200 2375 usna,
1233 2299 1354 2375 opinor,

178 2412 335 2486 prohibet.
360 2412 510 2473 Praestat
531 2412 631 2486 igitur
654 2412 754 2472 etiarn
779 2410 812 2471 in
836 2409 856 2487 ξ
881 2411 910 2471 Α
933 2406 976 2481 (ἐν
999 2408 1080 2496 κύσμ
1103 2410 1191 2496 βιαίῳ
1214 2408 1355 2493 ἐργασίᾳ),
1444 2404 1446 2409 ’

179 2527 212 2585 iu
243 2526 262 2598 ἑ
294 2524 327 2603 0,
359 2526 392 2585 in
424 2524 524 2588 6030
554 2540 623 2588 voc.
656 2524 753 2604 βίαιος
782 2524 914 2600 passivo
941 2540 1040 2587 sensu
1063 2526 1255 2600 usurpatum
1281 2539 1353 2585 esse

179 2643 303 2715 putare.
338 2674 375 2684 -
402 2641 463 2701 Pro
486 2636 631 2719 ἁιιέχονια
654 2640 722 2702 iere
744 2655 859 2702 omnes
882 2640 971 2701 codd.
997 2635 1136 2718 ἐσέχοντα
1160 2640 1218 2710 (sic
1241 2639 1353 2700 Herm.

178 2754 262 2815 Bait.
299 2753 442 2830 (iampb.)
476 2755 640 2830 praebent,
672 2753 769 2830 male,
801 2753 878 2827 quia
912 2752 1181 2830 ,submissionie”
1214 2752 1353 2828 notione,

125 2849 260 2941 (i'quac
291 2867 344 2928 hic
374 2867 558 2943 requiritur,
590 2882 658 2928 voc.
690 2862 802 2944 ἐπέχειν
834 2868 932 2928 caret.
966 2857 985 2949 ΙΙ
1017 2866 1096 2926 Fere
1127 2880 1241 2927 ornnes
1263 2867 1353 2926 codd.

179 2997 248 3042 voc.
273 2975 417 3058 ἁρμονίας
439 2982 513 3055 poet
535 2976 682 3060 ἀνδρείαν
705 2980 834 3056 iterant,
859 2979 943 3040 unde
968 2993 1032 3039 non
1052 2978 1169 3039 iniuria
1189 2978 1353 3038 Herwerd.

179 3094 253 3165 (Mn.
280 3095 376 3164 1883)
399 3093 584 3168 suspicatus
607 3095 659 3154 eat
680 3106 745 3155 non
769 3093 864 3152 modo
888 3091 1067 3153 secundum
1092 3085 1235 3169 ἁρμονίας
1259 3089 1354 3163 (quod

177 3210 247 3269 fere
270 3223 384 3269 omnes
406 3208 497 3269 editt.
521 3207 639 3277 delent)
663 3207 811 3280 spurium
834 3220 919 3282 ease,
943 3205 1000 3266 aed
1024 3204 1125 3266 etiarn
1148 3203 1248 3278 prius.
1274 3202 1355 3264 (lum

178 3322 319 3396 quadam
342 3321 374 3382 ri
393 3321 426 3382 in
439 3321 644 3382 conclusione
656 3319 884 3386 tantummodo
897 3317 1006 3390 ιαύιας
1017 3317 1139 3379 omisso
1151 3316 1356 3378 substantivo

178 3436 305 3497 dicitur.
330 3436 367 3495 In
391 3435 467 3496 edit.
492 3434 585 3496 Goth.
608 3435 640 3494 Π
663 3433 775 3494 stallo.
799 3432 940 3493 alterum
965 3427 1107 3511 ἁρμονίας
1128 3431 1231 3506 priore
1251 3429 1357 3491 deleto

178 3550 334 3610 servavit.
371 3549 431 3609 Per
464 3547 657 3623 hypallagen
691 3547 781 3623 ipsae
811 3545 1000 3609 harmoniae
1031 3541 1165 3616 ἑκούσιος
1197 3544 1230 3604 et
1260 3542 1357 3622 βίαιος

180 3664 316 3724 vocatae
336 3665 422 3738 eunt,
445 3662 537 3723 cuius
558 3660 683 3722 dicendi
702 3640 824 3734 figurae
841 3659 1015 3720 Schneider
1027 3658 1194 3733 complura
1206 3657 1357 3731 exempla

179 3778 222 3838 ad
241 3778 327 3837 hunc
347 3776 455 3836 locum
470 3775 629 3850 apposuit.
644 3773 724 3834 Cum
738 3775 850 3835 autem
863 3774 936 3848 post
950 3772 1004 3832 δύο
1018 3771 1121 3832 oratio
1133 3771 1306 3847 paulisper,
1322 3773 1358 3829 ut

180 3892 258 3956 ante
277 3889 539 3954 enumerationes
558 3887 691 3964 assolet,
704 3886 950 3962 intermittatur,
963 3885 1104 3960 permira
1116 3885 1173 3946 illa
1184 3883 1355 3959 hypallage

180 4003 263 4064 mihi
294 4003 431 4079 videtur,
455 4001 625 4078 praecipue
648 4002 732 4074 quod
756 3999 869 4060 statim
894 3999 1030 4073 genitivi
1054 3999 1249 4072 acquantum
1274 3997 1357 4058 hanc

182 4117 311 4177 obrem
333 4115 501 4189 vulgatam
522 4116 704 4189 corruptam
726 4128 841 4175 censeo
862 4114 895 4172 ct
910 4106 1358 4190 1οςοοᾱι1111βιαίανὲκοοσίων

182 4231 281 4300 (nent.
313 4245 397 4305 gen,
429 4229 476 4290 ita
507 4229 545 4288 ut
577 4226 660 4307 βίαια
691 4226 777 4287 idem
808 4224 970 4299 significet
992 4224 1076 4298 quod
1100 4222 1192 4303 βίαιοι
1214 4220 1355 4300 ιιρύξεις).

182 4345 284 4419 Saepe
314 4345 348 4407 in
379 4344 451 4405 Par.
475 4344 504 4404 A
520 4336 541 4414 ¹)
565 4344 599 4404 et
620 4341 743 4404 Veneto
769 4343 802 4400 Π
821 4344 873 4412 (ne
896 4340 1012 4405 deterr.
1037 4339 1125 4400 codd.
1151 4337 1259 4407 citam)
1282 4346 1300 4395 ο
1325 4337 1358 4396 et

217 4549 236 4610 ¹)
257 4553 299 4600 flio
321 4553 400 4613 paulo
423 4554 482 4600 ante
505 4554 628 4612 ἁμίικονια
648 4565 696 4613 pro
718 4554 845 4610 ἁγαισύιιια
868 4552 895 4597 et
917 4547 996 4610 paulo
1013 4549 1072 4606 poet
1089 4545 1121 4593 ad
1139 4547 1254 4610 τριγώνων
1271 4545 1359 4593 Baiter

182 4633 289 4679 annotat
315 4632 439 4689 „alterum
464 4650 484 4679 ον
508 4632 535 4679 in
560 4631 662 4678 litura.”
684 4631 715 4678 In
737 4630 822 4678 4280
845 4630 903 4676 Par.
927 4625 958 4675 A¹
978 4627 1062 4682 ὄκνοις,
1080 4625 1164 4674 4110
1181 4621 1260 4680 οὕτως,
1279 4627 1305 4678 et
1321 4625 1358 4671 aio

181 4711 327 4759 meantia·
341 4711 400 4760 Par!
417 4711 538 4759 librariae
556 4711 658 4759 errarit.
