3417 5175
757 376 820 436 133

204 575 316 620 corum
347 562 436 622 codd.
467 559 514 639 (in
543 562 660 635 quibus
691 561 763 622 Par.
794 556 835 639 A)
868 560 942 622 lect.
973 558 1102 634 <ναὶ>
1129 559 1267 640 καθαρὸν
1290 562 1376 636 prob.

203 672 316 733 stallo.
349 671 460 752 (1850)
492 675 602 737 Herm.
634 676 717 736 Bait.
750 674 925 749 dampbell.
952 674 1030 735 Mihi
1052 675 1143 736 locus
1165 675 1378 749 interpolatus

205 786 332 847 videtur
351 791 384 848 et
404 790 501 849 verbs
520 786 570 847 καὶ
589 786 629 865 μὴ
649 786 805 847 ἀπατεῶνα
823 782 909 865 ἡμῶν
929 788 1079 849 insiticia.
1100 789 1229 850 Etenim
1249 790 1378 863 propter

204 900 303 961 verba
332 900 430 981 ὥσπερ
461 900 559 978 φόνου
590 902 631 962 ad
661 899 786 979 ἀφίεμεν
817 904 928 962 mente
957 903 1172 976 supplendum
1197 904 1249 962 est
1271 901 1377 961 τούτου

201 1014 222 1073 i.
255 1030 282 1074 θ.
306 1023 359 1073 τοῦ
381 1012 499 1073 ἀπατᾶν
522 1010 600 1093 ἡμᾶς
622 1025 662 1098 τῷ
685 1013 772 1100 λόγῳ,
793 1016 903 1089 itaque
923 1015 1026 1077 ‘verba
1049 1013 1090 1092 μὴ
1114 1012 1270 1074 ἀπατεῶνα
1293 1010 1379 1093 ἡμῶν

199 1129 273 1200 post
292 1125 430 1207 καθαρὸν
449 1121 526 1186 εἶναι
545 1128 639 1203 plane
657 1129 785 1202 frigent.
808 1129 896 1189 Num
916 1129 989 1202 quis
1008 1144 1153 1202 unquam
1174 1130 1256 1190 dixit
1268 1126 1381 1206 ἀφίημί
1480 1127 1482 1130 ’

201 1254 233 1297 σε
263 1238 361 1316 φόνου
394 1238 490 1320 (ὥστε)
520 1240 658 1321 καθαρὸν
690 1234 765 1301 εἶναι
794 1239 859 1301 καὶ
887 1240 935 1320 μὴ
960 1239 1110 1318 poeto?
1134 1242 1290 1316 Equidem
1314 1257 1379 1302 non

200 1354 293 1414 credo
327 1370 431 1428 neque
466 1355 577 1430 opinor
606 1357 653 1416 tu.
685 1356 769 1416 Illud
802 1353 852 1415 nol
886 1358 960 1417 ante
992 1353 1130 1435 καδαρδν
1161 1355 1378 1429 dittograpbia

202 1469 316 1527 nalum
348 1471 409 1529 est.
442 1469 621 1545 Quominus
643 1470 741 1530 verba
764 1469 861 1549 ὥσπερ
886 1468 984 1546 φόνου
1009 1485 1085 1531 cum
1110 1466 1248 1548 καθαρὸν
1263 1463 1286 1546 ¹)
1310 1468 1377 1528 iun·

200 1595 318 1653 gemus
350 1578 399 1659 (ut
422 1582 596 1643 Schneider
618 1578 785 1661 suesit²ll
807 1584 978 1659 prohibent
1001 1598 1064 1645 non
1090 1585 1185 1645 modo
1209 1583 1379 1657 sequentia

200 1693 336 1774 καθαρός
366 1717 398 1775 γε
427 1692 478 1755 καὶ
504 1692 602 1757 lusit
626 1694 761 1775 ἀφεθείς,
783 1699 840 1759 ssd
864 1698 964 1759 etiam
987 1698 1049 1759 loci
1071 1698 1169 1758 buius
1191 1695 1378 1757 consimiles

201 1824 253 1869 ex.
285 1824 331 1882 gr.
363 1810 460 1884 Logg.
493 1810 599 1872 869A
630 1808 682 1871 ἐὰν
714 1807 730 1871 ὁ
758 1810 994 1889 τελευτήσας...
1024 1809 1075 1871 τὸν
1106 1809 1256 1889 δράσαντα
1279 1807 1377 1885 φόνου

201 1918 277 2005 ἀφιῇ
298 1919 430 1999 (ibidem
450 1924 483 1983 in
502 1922 521 1999 ξ
541 1923 567 1983 D
587 1921 724 2003 περὶτῆς
743 1921 876 1999 ἀφέσεως
895 1923 1007 2003 εἴρηται
1019 1921 1129 2001 φόνου)
1143 1920 1228 2000 ἑκών,
1238 1920 1378 2000 καθάπερ

201 2034 234 2094 οἵ
253 2034 303 2095 τὸν
326 2033 471 2096 ἀκούσιον
494 2035 591 2112 φόνον
609 2034 835 2117 ἐξεργασάμενοι
843 2083 915 2096 .....
935 2034 1070 2116 καθαρὸς
1090 2033 1170 2095 doro.
1194 2069 1238 2079 —
1257 2035 1329 2095 Vam
1352 2035 1377 2095 L

200 2146 278 2220 εἰκὸς
300 2147 334 2209 δέ
354 2152 408 2229 [γε]
429 2151 545 2211 Astius
563 2153 650 2212 recte
669 2152 806 2226 recepit;
829 2151 902 2211 vide
922 2151 960 2212 de
981 2151 1041 2211 isli
1060 2165 1122 2211 usu
1142 2150 1378 2211 coniunctionis

150 2267 175 2335 0
200 2251 247 2322 δὲΙ
263 2263 349 2323 dicta
376 2263 416 2323 sd
440 2265 505 2324 332
518 2264 554 2327 B.
579 2254 599 2347 ΙΙ
623 2265 723 2325 Recte
747 2264 856 2338 Steph.
881 2265 915 2324 et
937 2264 1000 2324 Ast
1022 2263 1093 2323 vam
1116 2262 1142 2322 L
1164 2259 1235 2339 μετὰ
1259 2260 1374 2336 <τδ>

200 2372 338 2454 ἀνδρεῖον
369 2375 396 2435 δ.
427 2380 628 2455 receperunt,
651 2378 732 2439 item
757 2376 897 2438 Oobetus
920 2374 1011 2456 (note
1033 2374 1108 2454 ms.)
1132 2373 1287 2455 τάνδρεῖον
1311 2392 1377 2437 cor·

198 2491 323 2566 rigens3
355 2494 528 2565 postquam
559 2493 592 2552 ln
624 2493 1001 2552 ΜΕΤΑΤΑΝΔΡΕΙΟΝ
1028 2491 1153 2565 syllaba
1187 2494 1240 2550 TA
1270 2490 1375 2565 haplo·

198 2605 331 2679 graphia
354 2607 528 2684 exciderat,
549 2602 609 2684 μετ’
632 2607 828 2668 factumest
849 2606 928 2685 μετά.
949 2608 986 2668 R.
1008 2608 1137 2667 Forster
1157 2603 1250 2683 (Mus.
1272 2606 1375 2666 Rhen.

202 2719 287 2779 1875
321 2721 355 2780 et
392 2719 488 2797 1880)
519 2721 690 2782 Platonem
721 2723 801 2782 baec
833 2721 1031 2783 scribentem
1061 2721 1235 2794 Sophronis
1267 2718 1375 2796 μίμους

198 2829 354 2911 ἀνδρείους
387 2831 438 2893 καὶ
465 2835 653 2914 γυναικείους
677 2837 861 2911 respexisse
884 2851 947 2896 non
970 2835 1078 2909 inepte
1102 2833 1290 2908 suspicatus
1313 2833 1374 2907 est,

197 2962 272 3007 cum
295 2947 348 3008 hic
371 2963 437 3009 roc.
458 2946 555 3027 δρᾶμα
574 2949 638 3010 elio
657 2965 756 3009 sensu
769 2964 869 3023 quam
881 2949 914 3008 in
927 2949 1058 3008 Theaet.
1075 2947 1138 3007 150
1150 2947 1178 3006 Δ
1191 2945 1392 3006 adhibitum.

142 3069 174 3134 1)
198 3061 251 3122 sit.
274 3052 294 3145 ΙΙ
318 3062 411 3123 Unus
431 3064 498 3124 cod.
519 3078 594 3123 cum
611 3062 850 3124 Galenoexhib.
868 3062 971 3135 (ταῖς
984 3057 1078 3138 pie>
1094 3056 1134 3131 ὡς
1146 3055 1371 3136 ἀσθενεστέραις

196 3176 405 3249 probantibus
429 3177 522 3256 Aetio
546 3179 580 3238 et
603 3175 721 3237 Stallb⁰
745 3174 868 3254 (1829),
892 3176 989 3252 male,
1014 3175 1089 3248 quia
1108 3174 1148 3234 ad
1168 3180 1254 3255 κοινῇ
1274 3169 1371 3262 πάντα

197 3291 307 3350 mente
337 3292 550 3366 supplendum
583 3294 634 3353 est
663 3289 715 3363 τὰς
745 3290 884 3368 belsiam
914 3291 953 3352 ci.
977 3290 1061 3351 inira
1085 3289 1149 3349 456
1162 3288 1191 3348 A
1214 3285 1293 3363 πλὴν
1317 3283 1371 3345 ὅσα

197 3400 254 3480 (su.
274 3398 293 3480 ἡ
314 3398 379 3481 μὲν)
400 3401 606 3484 ἀσθενεστέρα,
624 3399 644 3482 ἡ
664 3400 697 3464 δὲ
715 3408 774 3480 κτλ,
797 3404 852 3465 ubi
872 3404 1023 3464 similiter
1043 3402 1184 3463 Galenus
1200 3395 1259 3478 <ri
1273 3396 1368 3477 μὲν>

196 3517 337 3590 praebet.
360 3551 400 3562 -
420 3519 492 3578 Non
509 3535 643 3580 necesse
664 3518 748 3596 (coll.
769 3519 864 3592 Legg.
884 3518 948 3579 906
961 3515 999 3593 Β)
1012 3518 1064 3576 est
1076 3517 1233 3590 corrigere
1246 3517 1373 3590 φυλακι-

196 3637 258 3688 κῶν
281 3626 407 3708 (κυνῶν)
431 3647 488 3706 pro
507 3632 661 3711 φυλάκων,
678 3634 740 3695 etsi
760 3633 881 3694 Graece
900 3632 963 3692 dici
984 3631 1067 3691 Solet
1086 3630 1167 3690 κύων
1186 3626 1373 3708 θηρευτικάς,

196 3758 260 3803 non
290 3743 448 3823 θηρευτής.
482 3745 596 3808 Confer
618 3749 786 3821 praeterea
807 3747 987 3808 locutiones
1011 3741 1116 3823 ἄνδρες
1140 3743 1281 3820 φύλακες,
1303 3749 1371 3819 νῆες

149 3859 174 3923 Ε
197 3856 358 3932 φυλακίδες
392 3861 427 3919 et
456 3861 490 3919 in
525 3861 587 3944 {Ol
601 3860 630 3920 A
658 3860 752 3931 κύνας
783 3852 961 3938 ἐπικούρους
992 3857 1147 3935 ποιμνίων.
1173 3848 1198 3940 ΙΙ
1216 3856 1372 3916 Voculam

194 3966 245 4028 καὶ
275 3972 351 4032 ente
382 3969 537 4032 διδακτέον
567 3973 679 4033 omisit
709 3973 781 4034 Par.
812 3964 863 4049 Al,
896 3973 953 4033 sed
982 3968 1033 4030 καὶ
1063 3971 1140 4031 ente
1161 3973 1222 4039 τοῖς
1246 3966 1373 4046 ἀνδράσι
1493 3961 1495 3964 ’

194 4097 258 4143 κοκ
281 4100 345 4146 om.
370 4078 423 4146 ΑΙ.

40 4203 111 4263 452
139 4197 171 4263 A
238 4196 322 4258 Illud
344 4219 374 4257 τε
397 4201 472 4273 post
495 4196 616 4270 ἐκείνοις
641 4200 675 4259 in
698 4199 918 4274 compluribus
941 4199 1030 4259 codd.
1053 4196 1146 4257 abest
1169 4209 1294 4254 necnon
1321 4208 1370 4267 ap.

228 4412 249 4480 ¹)
265 4417 311 4464 vel
335 4419 372 4465 oio
394 4419 473 4466 verbo
495 4421 533 4466 noi
557 4420 589 4478 μὴ
610 4422 734 4467 ἀπατεῶνα
758 4424 821 4481 ἡμῶν
839 4421 942 4480 frigent,
959 4418 1020 4478 quia
1036 4420 1121 4464 τούτου
1138 4419 1194 4464 tum
1213 4417 1246 4463 od
1264 4415 1373 4481 καθαρὸν

193 4491 252 4542 εἶναι
269 4499 356 4544 mente
374 4499 548 4558 supplendum
565 4503 613 4546 est.

227 4571 248 4638 ²)
271 4576 360 4636 Neque
384 4577 458 4624 aliter
481 4570 616 4638 Osmpbell
638 4580 727 4626 vertit:
752 4580 795 4627 We
818 4579 906 4638 coquit
928 4591 978 4638 you
1001 4577 1066 4624 both
1090 4589 1118 4622 ss
1139 4577 1257 4635 gciltlese
1280 4575 1309 4622 of
1324 4587 1372 4622 our

193 4654 280 4713 blood,
298 4670 327 4703 so
344 4660 372 4704 to
390 4671 445 4716 ssy,
462 4658 513 4704 end
531 4672 560 4706 os
578 4663 623 4706 not
638 4672 686 4706 our
704 4660 830 4707 deceiver.
