3417 5175
765 370 833 438 149

216 552 313 631 1808)
349 555 642 629 interpunctionem
676 555 869 617 mutandam
902 558 1029 617 censuit
1065 559 1098 618 in
1133 558 1218 617 huno
1257 556 1390 617 modum

216 666 253 727 Τί
281 663 314 727 δὲ
346 666 400 744 ὁτῆς
431 660 515 726 εἶπον
539 685 545 696 ·
571 665 606 727 τὰ
633 657 773 747 περῖτὸν
795 667 935 746 πόλεμον,
957 677 1020 741 πῶς
1033 714 1119 729 .....
1142 668 1311 746 πολεμίους,
1333 661 1391 749 ἆρα

213 784 283 858 nrt,
309 781 418 854 itaque
442 781 541 842 verba
563 789 626 853 πῶς
639 827 726 841 .....
750 781 910 858 πολεμίους
934 781 1115 857 explicandi
1138 784 1243 857 gratia
1266 783 1391 844 adiecta

213 910 285 957 esse
301 889 332 966 ¹).
348 927 388 938 -
402 894 599 954 Particulam
623 890 664 970 dlv¹
684 896 718 955 in
740 890 808 956 ποῖ’
838 891 877 953 ἅν
901 893 961 973 (sio
981 896 1096 972 optimi
1116 896 1204 958 codd.
1226 896 1352 957 atinde
1372 911 1392 955 a

213 1009 357 1070 Belrkero
388 1022 503 1068 omnes
517 1000 541 1085 ²)
568 1008 659 1069 editt.
683 1010 812 1083 praeter
837 1009 970 1069 Astinm
994 1009 1158 1083 legentem
1181 1012 1281 1080 ποῖαι)
1305 1009 1391 1071 idem

215 1139 244 1184 v.
276 1122 306 1183 d.
336 1121 389 1183 bic
411 1120 487 1182 ferri
509 1136 574 1181 non
599 1137 694 1197 posse
717 1124 805 1184 reete
828 1122 1085 1184 demonstravit:
1110 1137 1184 1183 cum
1210 1123 1297 1183 enim
1321 1116 1389 1181 ποῖ’

215 1237 308 1297 unice
341 1236 382 1296 ad
417 1256 467 1313 μοι
499 1235 712 1312 καταφαίνεται
746 1236 858 1297 referri
889 1236 1003 1313 possit,
1035 1236 1127 1297 nobis
1159 1251 1223 1298 non
1253 1230 1329 1297 licet
1352 1237 1392 1297 ad

213 1344 278 1409 παῖ’
304 1346 342 1408 ἂν
365 1351 476 1411 mente
498 1350 648 1425 supplere
670 1348 716 1427 εἴη
741 1347 777 1409 ιὰ
800 1347 847 1410 σοὶ
875 1348 1121 1427 ιιαιαφαινόμενα
1150 1346 1210 1427 (sio
1238 1349 1391 1427 campa),

212 1465 287 1539 quia
321 1465 470 1526 Socrates
505 1465 704 1525 sententiam
739 1480 837 1527 suam
870 1465 938 1527 iam
974 1465 1029 1525 diu
1060 1465 1210 1538 paratam
1242 1464 1391 1525 habebat.

212 1578 369 1639 Richards
402 1578 511 1651 itaque
546 1575 623 1657 (uon
656 1578 859 1654 improbante
895 1577 1043 1652 Oampb0)
1079 1578 1118 1639 ci.
1152 1582 1223 1637 ιιοῐα
1256 1576 1304 1655 δή,
1335 1592 1393 1651 ego

214 1695 325 1754 autem
359 1691 447 1753 malo
477 1700 519 1775 πῇ
550 1689 600 1770 (V.
631 1692 667 1764 L)
698 1690 745 1769 δή.
779 1692 898 1753 Statim
929 1693 1002 1767 post
1027 1692 1252 1766 corrigendum
1278 1673 1393 1753 nauseo

214 1805 314 1867 αὐιῶα
337 1804 397 1883 μὴν
420 1820 477 1879 pro
499 1828 529 1865 α.
552 1801 616 1882 μέν.
641 1840 683 1847 -
710 1804 791 1867 (ilar.
814 1806 1026 1867 Leeuwenius
1047 1802 1123 1884 (Mn.
1147 1806 1242 1882 1890,
1263 1823 1293 1881 p.
1315 1803 1392 1883 263)

213 1936 269 1996 pro
303 1917 426 1981 θέλουσι
459 1918 603 1993 reposuit
638 1916 747 1996 ἑλοῦσι,
777 1920 861 1994 quod
892 1916 1016 1979 θέλουσι
1054 1935 1114 1981 neo
1153 1935 1229 1980 oum
1263 1924 1394 1999 χρῆσθαι

213 2035 302 2109 iungi
332 2050 436 2109 neque
466 2033 614 2096 absolute
647 2035 741 2105 (mire
764 2033 896 2108 (lampb.
922 2035 968 2095 ad·
985 2031 1109 2095 θέ1ουσι
1132 2035 1284 2096 subaudit
1307 2032 1392 2112 ἔχειν)

214 2148 357 2223 positum
380 2148 456 2210 ferri
478 2148 598 2224 possit;
623 2146 770 2222 perficies
794 2147 1067 2224 emendationem,
1092 2148 1120 2208 si
1145 2148 1243 2208 verba
1263 2155 1297 2230 τῇ
1317 2144 1393 2229 ἄγρα

162 2261 191 2325 Β
215 2264 388 2341 expuleris,
412 2264 488 2338 qnia
512 2278 531 2324 a
551 2261 669 2323 διδόναι
688 2263 807 2337 pendet
825 2261 1007 2322 infinitivus
1025 2266 1155 2341 χρῆσθαι
1175 2264 1231 2332 (so.
1252 2260 1355 2345 αὐτῷ).
1372 2251 1390 2345 Η

215 2379 287 2439 Par.
321 2379 349 2438 A
384 2378 490 2439 exhib.
525 2375 555 2437 τί
586 2373 637 2435 tal
671 2370 701 2436 δ’
735 2362 899 2453 ἔξιῶθῆναι
930 2392 1004 2437 (ium
1036 2399 1082 2456 γρ.
1113 2374 1142 2435 τί
1171 2371 1203 2435 δὲ
1235 2373 1393 2455 ἐξιαθῆναι

215 2508 234 2553 a
258 2508 301 2553 m.
325 2507 351 2551 s.
375 2526 415 2536 -
436 2492 513 2552 Par⁰
534 2492 563 2552 A
583 2490 748 2553 emittenti
767 2486 819 2549 καὶ
838 2491 932 2564 (quod
952 2490 987 2551 in
1006 2491 1085 2564 Ven.
1100 2492 1133 2549 Π
1142 2506 1206 2551 noa
1219 2490 1391 2571 omissum)

214 2608 290 2667 aute
310 2603 414 2684 μηδενὶ
433 2607 610 2683 paruerunt
628 2607 691 2666 Ast
706 2605 802 2667 Suhn.
826 2605 939 2666 Herm.
953 2605 1072 2682 Baiter,
1085 2607 1169 2680 quod
1181 2607 1391 2683 probandum,

216 2721 291 2796 quia
320 2721 430 2796 prooul
452 2722 548 2782 dubio
570 2721 712 2794 alioquin
735 2720 828 2781 Plato
851 2719 1032 2794 seriptums
1055 2720 1161 2781 fuerat
1185 2714 1259 2796 μηδ’
1286 2717 1393 2792 ἐξεῖναι

167 2827 322 2912 Oppiae!
351 2838 409 2894 ιιιλ.
433 2826 453 2919 ΙΙ
477 2834 641 2896 Herwerd.
674 2833 747 2905 (Mn.
782 2834 878 2909 1883,
911 2829 1108 2909 dubitanter)
1137 2833 1235 2893 verba
1262 2830 1335 2911 πρὸς
1359 2831 1391 2892 τὸ

216 2949 330 3010 abesse
354 2948 492 3024 mavult,
515 2950 602 3008 reete
625 2947 721 3021 puto;
747 2946 786 3006 of.
811 2946 973 3020 Euthyph.
1001 2946 1040 3005 14
1064 2946 1100 3006 B.
1117 2945 1222 3008 Locus
1242 2947 1275 3006 in
1295 2948 1391 3020 Lsgg.

162 3056 193 3121 l)
217 3065 281 3123 666
304 3063 334 3121 Α
355 3059 533 3139 προθύμους
557 3052 633 3118 εἶναι
655 3055 730 3136 πρὸς
752 3056 803 3129 τὰς
823 3057 903 3140 ᾠδάς
923 3060 1069 3119 huonon
1090 3059 1239 3134 pertinet.
1260 3050 1280 3143 ΙΙ
1300 3059 1391 3121 Date·

213 3175 335 3236 riorum
355 3172 445 3234 codd.
465 3171 521 3233 alii
540 3172 649 3232 Aiacis
668 3187 787 3233 nomen
808 3172 975 3247 omittunt,
988 3172 1020 3232 iu
1033 3172 1106 3232 aliis
1119 3187 1184 3234 vox
1195 3167 1391 3242 ineertamb

214 3287 326 3349 sedem
348 3286 457 3362 babet,
477 3286 562 3346 siout
580 3286 614 3345 iu
633 3285 757 3359 aliquot
775 3284 990 3358 Hermogenis
1002 3286 1091 3347 codd.
1101 3304 1109 3360 ;
1123 3285 1151 3345 si
1166 3299 1229 3346 vox
1240 3287 1390 3363 genuina,

214 3403 305 3464 artie.
335 3399 387 3461 τὸν
417 3403 493 3462 ante
524 3398 761 3477 εὐδοκιμήσαντα
792 3399 957 3475 delendus,
990 3400 1040 3459 sin
1074 3400 1193 3476 spuria,
1223 3400 1306 3474 qaod
1329 3416 1392 3460 non

214 3516 328 3592 dubito,
360 3515 573 3590 expungenda
604 3516 638 3574 et
667 3513 840 3586 legendnm
872 3514 924 3573 est
950 3510 1001 3572 τὸν
1022 3511 1118 3572 εὕδοι.
1148 3510 1269 3580 <ιὸν>
1298 3510 1329 3572 ἐν
1353 3523 1391 3593 τῷ

214 3626 340 3713 πολέμῳ.
365 3629 439 3690 Mox
462 3623 685 3702 corrigendum
710 3628 761 3689 est
783 3623 833 3686 καὶ
861 3623 965 3700 <ἒν>
992 3630 1053 3698 τοῖς
1075 3626 1221 3698 τοιούτοις
1244 3629 1277 3686 et
1296 3628 1392 3702 paulo

166 3745 195 3810 ll
217 3745 291 3820 post
313 3739 411 3818 νυνδὴ
434 3741 648 3802 scribendum.
673 3732 694 3824 ΙΙ
717 3739 957 3801 Herwerdenus
981 3736 1055 3817 (Mu.
1083 3737 1180 3816 1883)
1201 3742 1234 3800 et
1254 3739 1393 3802 Oobetns

215 3859 304 3930 (nota
323 3853 399 3933 ms.)
418 3871 497 3916 corr.
511 3851 559 3913 ἐπὶ
571 3862 705 3933 σιραιιᾶς
719 3854 777 3925 (sio
789 3853 861 3914 Par.
874 3853 930 3927 A);
952 3853 1053 3914 etiam
1065 3853 1097 3914 in
1112 3855 1175 3914 468
1189 3854 1215 3912 B
1227 3854 1391 3915 Herwerd.

215 3978 350 4051 στρατιᾶς
378 3969 570 4042 requirebat.
594 3969 640 4027 nt
661 3968 755 4028 unice
778 3965 929 4044 σιραιείας
952 3982 1067 4027 verum
1091 3968 1152 4042 est,
1177 3967 1239 4028 vid.
1264 3966 1392 4027 Ruhnk.

216 4085 257 4145 ad
279 4085 363 4145 Tim.
387 4082 465 4143 Lex.
488 4097 518 4158 p.
545 4082 609 4143 840
634 4083 668 4142 et
690 4080 858 4142 Heliorum
882 4080 915 4141 in
940 4079 1032 4142 Curis
1056 4079 1132 4142 (luit.
1156 4096 1186 4154 p.
1214 4080 1265 4140 19.

250 4351 270 4420 ¹)
288 4355 315 4402 si
333 4353 396 4414 quid
412 4352 574 4409 mutandum,
593 4352 661 4412 quod
678 4354 765 4399 tamon
783 4364 833 4398 non
850 4353 923 4411 puto,
940 4351 977 4397 sio
993 4349 1141 4409 interpungi
1159 4349 1257 4408 potest:
1274 4351 1297 4394 ri
1311 4348 1336 4394 01
1351 4349 1392 4408 δής

216 4429 287 4482 eluar
313 4434 344 4479 τὰ
365 4433 417 4498 napi
441 4432 482 4479 τὸν
498 4435 600 4492 πόλεμον
616 4440 713 4486 adp...
730 4435 865 4491 πολεμίους,-
883 4426 929 4496 «ipa
946 4434 993 4478 κτλ.
1010 4431 1027 4476 i.
1046 4441 1068 4476 θ.
1087 4431 1227 4487 „quantum
1245 4429 1277 4476 ab
1294 4427 1392 4475 ballum

216 4513 310 4562 attinet
325 4521 374 4567 πῶς
390 4513 453 4560 ni?

250 4589 271 4653 ¹)
288 4592 393 4640 Neouou
408 4591 498 4639 Stallb.
517 4592 590 4638 1858.

249 4667 272 4736 ³)
288 4672 352 4720 Post
368 4675 520 4736 γιραὶρισθαι
537 4671 663 4719 tollebat·
680 4673 728 4718 eat.
