3417 5175
909 377 971 437 108

348 562 409 630 κτλ)
433 560 483 620 δεῖ
500 558 575 619 κατὰ
593 559 648 639 τὴν
668 562 831 642 παροιμίαν
852 568 907 634 (sc.
929 560 1016 623 κοινὰ
1034 561 1070 623 τὰ
1090 562 1197 641 φίλων,
1217 564 1257 625 cf.
1279 564 1386 639 Lysid.
1409 566 1473 626 207
1497 565 1533 638 0)

349 670 437 732 κοινὰ
467 678 523 745 (so.
555 674 675 735 πάντων
705 685 763 735 τῶν
793 681 932 754 πολιτῶν,
954 693 1017 738 non
1042 677 1138 753 φίλων
1161 679 1303 754 tantum,
1327 693 1402 738 cum
1427 676 1534 757 ἐχθροὶ

350 786 384 845 in
407 786 573 848 Platonica
596 790 729 850 civitate
751 805 815 850 non
839 792 957 860 adsint)
981 794 1142 850 ποιεῖσθαι.
1166 791 1391 867 Adscripserat
1411 791 1534 866 aliquis

352 900 393 959 ad
415 898 501 959 κοινὰ
522 903 556 961 in
579 917 644 975 mg.
669 900 704 961 τὰ
726 902 832 979 φίλων,
850 904 964 965 deinde
984 904 1106 964 librarii
1125 904 1225 965 verba
1244 906 1276 965 in
1296 906 1426 965 textum
1446 906 1532 966 intu-

351 1013 468 1075 lerunt.
496 1015 541 1073 V³
569 1016 593 1075 L
621 1024 679 1075 τῶν
707 1016 802 1090 φίλων
834 1019 886 1078 est
908 1018 1077 1091 vulgatam
1105 1018 1277 1079 emendare
1303 1018 1460 1078 conantis,
1489 1053 1531 1061 -

350 1127 566 1190 Herwerdeno
590 1130 663 1200 (Mn.
691 1131 786 1202 1891)
810 1131 981 1192 conicienti
1000 1132 1108 1203 κύκλος
1130 1128 1204 1205 <tv
1225 1130 1353 1205 ὐύατι>
1377 1132 1533 1192 assentiri

349 1258 491 1318 nequeo;
516 1244 638 1304 etenim
661 1245 700 1304 de
724 1246 795 1305 rota
818 1247 931 1327 (τροχῷ)
952 1260 978 1305 s.
999 1245 1187 1321 decimum,
1209 1260 1272 1318 quo
1291 1246 1384 1320 pueri
1403 1245 1530 1322 ludunt,

350 1358 556 1431 cogitandum
581 1359 641 1418 est.
665 1358 765 1417 Recte
789 1356 920 1432 Gampb.
949 1358 1023 1434 „the
1046 1360 1135 1419 word
1155 1355 1344 1435 αὐξανομένη
1363 1359 1393 1419 is
1413 1362 1471 1420 not
1490 1360 1531 1419 be

349 1471 482 1544 presses
515 1470 583 1531 into
617 1472 673 1531 the
707 1471 920 1545 comparison.
952 1471 981 1531 A
1012 1472 1094 1545 hoop
1125 1487 1161 1532 or
1191 1471 1305 1548 wheel,
1330 1473 1427 1533 when
1450 1488 1531 1534 onoe

351 1584 475 1643 started
497 1583 581 1659 well,
604 1599 682 1657 goes
706 1599 746 1645 on
770 1584 943 1658 smootly.'’
970 1583 1046 1645 coll.
1070 1585 1129 1645 hoo
1153 1584 1234 1661 loeo,
1255 1586 1319 1645 425
1340 1587 1380 1662 A,
1401 1587 1466 1646 492
1488 1587 1528 1663 A,

351 1696 424 1756 aliis
454 1696 631 1756 verisimile
662 1697 713 1757 est
744 1696 914 1757 Platonem
937 1697 1038 1758 etiam
1063 1699 1126 1758 423
1151 1697 1177 1756 Β
1200 1714 1264 1759 μου
1287 1696 1449 1776 αὐξομένη,
1471 1702 1530 1760 sed

351 1806 539 1887 αὐξανομένη
572 1810 630 1880 (οἱα
660 1810 739 1871 Ven.
771 1812 818 1881 Π(
849 1811 1030 1888 scripsisse,
1060 1811 1169 1885 itaque
1200 1812 1234 1871 in
1263 1812 1396 1886 passivo
1423 1813 1530 1874 forma

296 1922 326 1988 B
349 1922 489 1995 αὐξαν-
511 1939 610 1984 usum
630 1939 712 1985 esse.
738 1915 757 2007 ΙΙ
774 1924 852 1983 'Iam
874 1924 1031 1985 Stobaeus
1050 1919 1255 2003 ἐπιφρονίοού
1277 1926 1385 1986 exhib.
1402 1925 1529 1997 (Par.A
1578 1934 1582 1943 “

350 2033 600 2117 ἐκιφρονίοοσὶὐ),
631 2039 740 2112 itaque
770 2031 952 2100 rectissime
980 2038 1060 2100 Bkk.
1086 2040 1119 2099 et
1142 2039 1251 2100 Baiter
1275 2041 1339 2113 (qui
1362 2041 1451 2101 male
1473 2038 1528 2117 την

350 2152 390 2211 ad
422 2167 554 2213 versum
583 2152 696 2223 traxit)
726 2153 825 2213 verba
856 2150 964 2230 ἀοιδὴν
995 2155 1106 2230 μᾶλλον
1137 2148 1343 2232 ἒπιφρονέουιί
1368 2151 1529 2234 ἅνθρωποι

350 2281 370 2325 a
403 2266 574 2327 verborum
609 2266 692 2327 serie
726 2267 927 2341 separarunt.
963 2267 1009 2326 De
1042 2268 1117 2326 νου0
1150 2260 1357 2345 ίπιφρονίονο)
1389 2268 1453 2329 vid.
1486 2269 1528 2329 ad

301 2377 326 2443 C
350 2379 414 2438 390
438 2379 476 2440 A.
500 2369 520 2461 (Ι
544 2380 729 2453 Legendum
753 2382 831 2455 puto
855 2381 913 2440 aut
935 2388 994 2440 τῶν
1017 2379 1160 2459 μεγίσταν
1186 2381 1441 2459 (μεταβολῶν)
1469 2384 1529 2442 aut

351 2493 447 2564 (quod
477 2493 558 2552 mihi
588 2493 733 2553 maxime
764 2494 893 2564 arridet)
925 2497 1082 2553 πολιτικῶν
1116 2494 1369 2572 <μειαβολον>
1400 2492 1526 2571 [νόμον]

293 2609 324 2673 l)
347 2614 406 2667 τῶν
426 2627 487 2684 μεγ,
508 2609 564 2666 aut
582 2609 647 2666 πολ.
667 2604 768 2683 νόμιον
790 2608 1043 2686 <μειαβολῶν>
1066 2616 1124 2667 τῶν
1145 2630 1206 2688 μεγ.
1219 2600 1324 2692 ΙΙΡΒΓ.
1345 2609 1374 2669 A
1395 2609 1529 2670 exhibet

351 2717 426 2796 αὐτη
457 2717 622 2792 (λανθάνει)
653 2736 729 2781 oum
760 2721 907 2783 Stobaeo.
939 2722 1098 2795 Madvigio
1129 2722 1220 2806 ταύιη
1244 2723 1420 2783 ὐιιύλλοιιίιν
1443 2722 1527 2784 ooni-

350 2836 448 2896 oienti
476 2851 562 2896 unus
593 2837 703 2896 Baiter
732 2838 906 2899 obsecutus
934 2839 994 2914 est,
1019 2837 1140 2912 optime
1165 2838 1215 2908 (of.
1240 2838 1304 2898 425
1329 2839 1358 2898 Α
1382 2836 1528 2914 εὐνομίαν

350 2947 401 3009 διὰ
427 2956 478 3026 τῆς
501 2953 673 3028 μονοικης);
697 2951 764 3010 iam
788 2952 882 3016 sedes
905 2951 1026 3011 indicat
1049 2947 1124 3027 αὐτη
1148 2949 1188 3011 ab
1211 2951 1344 3011 auctore
1366 2951 1527 3026 proficisci

350 3079 414 3124 non
443 3063 589 3138 potuisse
619 3061 843 3142 (παραδυομένη
876 3080 920 3124 su.
953 3062 994 3134 εἰς
1025 3061 1079 3139 τὴν
1111 3061 1208 3140 πόλιν,
1238 3063 1330 3124 cuius
1358 3060 1528 3142 ἀκρόπολις,

350 3179 433 3251 quod
453 3178 647 3238 vocabulum
667 3179 700 3238 in
721 3178 823 3239 56οΒ
844 3180 957 3239 eodem
977 3192 1076 3238 sensu
1095 3179 1288 3253 usurpatum
1302 3179 1462 3252 astatque
1475 3179 1527 3239 hie

350 3290 563 3370 φυλακτήριον,
592 3294 643 3352 est
673 3287 692 3368 ἡ
724 3290 864 3370 μουσική)
891 3308 951 3353 nec
973 3289 1027 3368 τὴν
1051 3299 1110 3350 τῶν
1132 3298 1277 3369 μουσικῆς
1300 3289 1418 3369 τρόπων
1441 3313 1527 3370 μετα-

350 3403 443 3485 βολην
466 3421 642 3481 possumus
665 3406 855 3484 παρανομίαν
879 3407 1050 3481 appellare.
1077 3439 1115 3449 —
1139 3404 1367 3479 corrigendum
1389 3405 1527 3466 arbitror

350 3515 439 3578 οὐδὲν
462 3517 517 3599 μὰρ
541 3517 687 3599 ἐργάζεται
711 3522 768 3581 aut
791 3521 886 3595 (quod
906 3521 986 3582 mihi
1004 3520 1112 3594 magis
1131 3520 1247 3595 placet)
1266 3515 1337 3579 turo
1357 3516 1390 3598 με’
1407 3541 1435 3578 τι
1454 3521 1525 3581 coll.

299 3630 328 3694 ii
352 3633 415 3693 427
448 3633 485 3692 A.
511 3624 531 3715 ΙΙ
555 3632 741 3713 Lagentium
772 3650 888 3695 censeo
911 3633 1023 3712 νόμους
1046 3631 1095 3692 καὶ
1119 3632 1268 3693 πολιτείαν
1291 3633 1363 3694 coll.
1389 3635 1453 3694 427
1478 3635 1526 3709 Α;

350 3745 383 3804 in
416 3747 589 3821 archetypo
619 3749 776 3823 scriptum
808 3748 879 3808 erat
906 3732 1213 3825 HoArTErJrOTN,
1235 3749 1318 3822 quod
1343 3764 1363 3808 a
1386 3747 1528 3808 librariis

350 3858 515 3918 mutatum
539 3860 573 3918 in
596 3859 927 3922 HOAITEIAOOYN.

204 3977 268 4035 425
295 3970 327 4038 A
395 3974 473 4035 Post
503 3970 600 4031 πάντα
630 3974 861 4049 hapiographia
891 3972 925 4034 ιὰ
956 3976 1032 4035 ante
1064 3979 1134 4034 κοῖα
1166 3975 1296 4036 excidit.
1322 3973 1467 4034 Venetus
1497 3975 1530 4032 Π

297 4087 468 4165 Βιιείνοις,
493 4103 557 4147 non
585 4083 707 4158 ἐκείνοις
735 4089 875 4149 exhibet.
902 4080 921 4169 ΙΙ
937 4090 1005 4149 *Pro
1032 4084 1068 4159 ἃς
1095 4084 1199 4166 πρέπει
1227 4088 1384 4148 Richards
1413 4087 1527 4158 (01888.

349 4204 428 4263 Rev.
452 4203 547 4274 1893)
568 4202 606 4262 oi.
628 4194 672 4272 οίς
692 4198 796 4281 τρέπει
816 4203 846 4273 (i.
869 4219 896 4264 e.
917 4196 988 4282 παρ’
1012 4195 1056 4274 οίς
1077 4199 1201 4281 πρέπει),
1221 4202 1316 4274 quasi
1334 4217 1399 4262 non
1416 4216 1528 4262 eoram

348 4316 493 4376 omnibus
523 4314 593 4386 τούς
616 4296 702 4388 νέους
726 4317 822 4377 silere
845 4317 967 4377 deceat.
992 4316 1037 4376 De
1061 4317 1093 4376 vi
1117 4316 1205 4376 vocis
1229 4315 1397 4387 κατάκλισις
1422 4316 1529 4376 adhue

349 4431 540 4506 ambigitu13
573 4447 649 4491 oum
680 4447 755 4492 vero
786 4429 861 4490 κατὰ
892 4445 1059 4503 nunquam
1090 4431 1178 4490 idem
1209 4431 1306 4502 atque
1333 4425 1394 4488 ἀπὸ
1418 4428 1529 4488 νοτίοιο

348 4545 452 4619 possit
493 4560 552 4605 nec
588 4546 780 4605 vocabulum
816 4547 1003 4618 corruptum
1038 4559 1110 4604 esse
1145 4544 1303 4619 videatur,
1340 4541 1529 4602 Schneideri

349 4659 572 4732 interpretatio
593 4662 701 4732 (quam
722 4658 853 4733 (iampb.
876 4658 988 4732 probat
1012 4658 1186 4734 „assisting
1206 4657 1311 4718 elders
1330 4658 1402 4716 toa
1421 4655 1528 4725 seat')
