3417 5175
753 405 815 464 129
916 362 917 366 Ὺ

192 575 309 649 δικαίας
340 602 369 640 τε
400 582 449 643 καὶ
481 583 604 684 ἀδίκους
627 596 779 671 aeternae
805 612 887 670 quas
912 600 1101 673 dignoscere
1125 621 1220 692 posse
1245 614 1369 683 oportet

191 704 278 766 eum,
310 696 365 767 qui
395 698 505 760 iustus
538 718 670 765 manere
702 709 792 770 velit.
827 710 1069 786 Quodammodo
1101 718 1154 778 hio
1177 728 1229 796 ιύχς
1252 718 1369 796 ἀδικίας

191 801 410 869 definitionem
442 812 509 873 iam
541 821 724 893 praeparari
756 838 820 882 non
854 824 985 903 infitior,
1017 844 1150 902 prorsus
1184 835 1367 897 absolutam

190 931 263 977 esse
286 934 378 995 nego.

32 1026 100 1084 444
133 1022 168 1090 Α
235 1030 367 1096 Variam
400 1038 572 1103 lectionem
605 1048 705 1123 Δῆλον
737 1051 860 1112 omisso
891 1051 935 1112 δτι
958 1058 1045 1116 recte
1069 1057 1152 1119 Bait.
1179 1062 1211 1119 et
1237 1060 1367 1137 Gampb.

133 1138 165 1201 B
190 1145 374 1224 probarunt,
400 1152 500 1213 etiam
526 1156 683 1219 Stobaeus
707 1160 751 1219 ύιι
774 1165 895 1226 omisit.
918 1158 938 1249 ΙΙ
960 1167 1054 1230 Oodd.
1076 1172 1191 1233 deterr.
1215 1173 1368 1235 δουλεύειν

178 1264 228 1337 ,τῷ
251 1266 304 1316 τού
328 1257 452 1340 ἀρχικοῦ
474 1264 580 1345 γένους
603 1267 666 1330 ἀντι
684 1275 913 1337 exhibentibus
934 1294 1048 1369 omnes
1070 1284 1158 1345 editt.
1181 1291 1366 1360 paruerunt.

189 1368 250 1429 Pro
280 1382 320 1455 τῷ
351 1383 404 1434 τοῦ
434 1378 468 1438 in
497 1383 630 1455 optimis
661 1388 753 1448 codd.
785 1388 926 1462 legimus
950 1401 1003 1451 τοῦ
1028 1389 1056 1453 δ’
1084 1387 1122 1455 αὖ
1148 1397 1311 1477 δουλεύειν,
1334 1403 1367 1462 in

188 1482 263 1543 aliis
282 1493 321 1545 ιῶ
342 1482 373 1545 δ’
394 1480 434 1549 αὖ
454 1491 617 1574 δουλεύειν,
636 1499 720 1559 unde
741 1501 921 1576 Madvigius
942 1506 1070 1567 effinxit
1090 1511 1174 1582 quod
1186 1512 1219 1571 in
1232 1513 1365 1575 Vindob.

188 1595 213 1663 Ε
236 1599 395 1674 scriptum
415 1608 536 1684 exstat,
560 1626 677 1687 nempe
697 1612 860 1693 δουλεύειν,
879 1616 918 1700 νῷ
939 1612 969 1677 δ’
992 1612 1031 1679 αὖ
1057 1621 1180 1699 <μὴ>
1205 1624 1367 1705 δουλεύειν,

188 1706 310 1788 ἀρχικοῦ
339 1720 399 1794 κιλ,
429 1720 550 1782 addens
577 1741 634 1801 „ac
656 1726 795 1789 fortasse
822 1730 856 1790 in
880 1732 941 1792 hac
965 1734 1071 1795 forma
1095 1738 1249 1799 orationis
1273 1741 1365 1802 Plato

192 1822 470 1900 <οά>δουλεύειν
500 1836 606 1898 dicere
635 1855 737 1901 ausus
768 1845 829 1919 est,
853 1841 958 1923 πρέπει
982 1848 1159 1925 cogitans”,
1183 1854 1276 1929 male,
1302 1870 1365 1915 non

188 1938 282 1999 modo
306 1946 389 2015 quod
411 1949 549 2011 κοιούκου
573 1949 658 2025 ἀνιος
682 1957 722 2015 ad
746 1972 848 2017 unum
872 1961 1003 2020 tantum
1030 1958 1116 2041 μέρος
1139 1967 1365 2042 pertinetem
1454 2030 1455 2033 ,

187 2052 287 2115 etiam
319 2061 402 2129 quod
433 2071 472 2145 τῷ
504 2058 543 2134 (δ’
559 2056 599 2124 αά
631 2064 671 2143 μὴ
704 2068 795 2140 δουλ.)
823 2072 896 2132 turn
927 2074 1065 2134 absurde
1099 2077 1139 2135 ad
1162 2075 1194 2136 ιὸ
1222 2076 1291 2138 ὅλον
1314 2088 1365 2157 τῆς

187 2175 286 2245 ψυχῆς
317 2173 429 2234 referri
460 2179 595 2251 oportet.
631 2180 779 2255 Plerique
811 2183 941 2245 Stobaei
973 2188 1061 2248 codd.
1098 2204 1137 2247 ea
1161 2192 1266 2255 ,verba
1301 2208 1365 2253 non

186 2283 309 2344 addunt
338 2290 433 2356 (unus
464 2299 549 2368 χικού
578 2302 632 2352 κού
664 2290 692 2353 δ’
727 2286 783 2355 οὖν
815 2296 968 2357 δουλεύειν
999 2301 1151 2377 praebet),
1185 2319 1247 2377 quo
1274 2308 1365 2379 patet

184 2395 334 2459 librarios
364 2401 416 2462 hic
448 2406 560 2466 turbas
591 2408 696 2469 ciisse.
735 2409 867 2485 ratpoto
893 2411 988 2486 igitur
1022 2416 1178 2475 servando
1201 2419 1363 2481 εεί.1ιὶε1)-

185 2510 301 2572 holdus
322 2514 438 2584 (Fleck.
459 2518 529 2579 Jbb.
554 2520 650 2592 1888)
671 2523 704 2583 et
723 2524 881 2585 Richards
901 2525 1013 2597 (illese.
1035 2528 1114 2590 Rev.
1141 2530 1235 2601 1893)
1258 2532 1365 2594 verbis

184 2622 307 2703 πρέπειν
340 2627 419 2712 αὐτῷ
452 2631 604 2693 δουλεύειν
633 2638 748 2697 offensi
779 2639 994 2726 coniecerunt¹
1015 2642 1066 2702 hic
1102 2639 1235 2721 [πρέπειν
1260 2644 1362 2728 αύτῷ],

183 2738 240 2800 ille
273 2738 375 2825 [αύτῷ]
410 2742 562 2804 δουλεύειν
592 2771 632 2832 τρι
664 2751 760 2820 (dub.)
790 2760 844 2810 τοῦ
875 2756 935 2829 κτλ,
965 2731 1101 2828 cuorum
1136 2759 1251 2818 neutro
1283 2774 1363 2832 opus

184 2857 244 2915 est.
270 2889 310 2898 -
334 2855 408 2917 Mox
432 2853 554 2933 corrige
577 2861 631 2938 τήν
656 2884 688 2941 χε
711 2861 831 2923 ἀδικίαν
853 2863 903 2925 καὶ
927 2871 987 2943 κιλ,
1010 2869 1086 2940 quia
1109 2870 1267 2930 articulus
1286 2876 1361 2932 ante

182 2967 306 3042 reliqua
335 2972 468 3033 nomina
498 2974 612 3035 abesse
635 2977 757 3053 nequir,
781 2979 810 3037 si
838 2980 972 3052 vulgata
995 2983 1162 3057 servatur;
1187 2983 1250 3043 vid.
1277 2985 1362 3044 dicta

181 3082 222 3142 ad
242 3083 306 3142 334
325 3084 360 3144 Ε.
384 3119 422 3128 -
444 3079 516 3147 Par¹
536 3090 564 3148 A
584 3089 657 3150 lect.
678 3089 769 3150 ταύιά
788 3088 842 3168 μὲν
863 3083 918 3152 οὖν
938 3103 1028 3152 ταῦτα
1048 3095 1115 3154 iere
1135 3111 1250 3156 omnes
1269 3098 1359 3160 editt.

180 3199 326 3258 recentes
350 3205 549 3277 receperunt,
573 3205 670 3278 malo,
695 3220 770 3264 cum
793 3206 840 3266 sic
865 3207 1007 3267 Glaucen
1031 3224 1051 3267 a
1070 3210 1232 3282 proposito
1255 3211 1361 3272 aliena

180 3312 371 3384 respondeat
401 3330 505 3388 neque
535 3316 649 3377 idoneo
681 3332 836 3390 responso
865 3316 981 3390 ἀδικίας
1011 3320 1255 3394 investigationi
1285 3323 1359 3384 finis

180 3424 375 3498 imponatur.
407 3428 535 3489 stobaei
566 3445 680 3504 parum
713 3431 895 3504 elegantem
927 3433 1099 3494 lectionem
1125 3431 1201 3494 αάιδι
1224 3431 1278 3512 μὲν
1303 3427 1360 3495 οὖν

181 3544 271 3596 ταῦτα
291 3539 448 3601 Richards
467 3541 580 3612 (class,
601 3544 679 3605 Rev.
700 3545 795 3615 1893)
809 3547 841 3605 et
855 3545 986 3621 Oampb.
1000 3549 1186 3621 probarunt.
1200 3549 1357 3623 Equidem
1467 3593 1468 3597 =

180 3652 258 3724 puto
281 3652 422 3714 Socratis
447 3656 544 3716 verba
569 3652 677 3717 τοιαῦτ’
702 3655 773 3716 ἀπα
797 3662 846 3717 κτλ
870 3673 971 3733 paene
995 3661 1142 3734 flagitare
1166 3679 1358 3739 responsum

180 3765 259 3826 hoce
287 3775 409 3826 τοιαῦτα
440 3764 493 3845 μὲν
515 3759 572 3829 οὖν
595 3778 686 3830 ταῦτα
709 3788 813 3844 neque
837 3773 931 3834 aliter
954 3775 1047 3835 Astio
1073 3777 1242 3838 videbatur
1266 3779 1357 3838 corri-

179 3878 269 3952 genti
303 3886 395 3939 ταῦτα
425 3877 478 3957 μὲν
509 3873 565 3942 οὖν
596 3892 717 3942 τοιαῦτα
749 3885 799 3955 (cf.
833 3886 926 3960 Soph.
959 3888 1058 3949 Elect.
1092 3890 1155 3950 686
1186 3889 1237 3949 καὶ
1266 3898 1358 3948 ταῦτα

180 3986 234 4066 μὲν
268 3999 410 4064 τοιαῦτα).
445 3973 557 4056 8111111)1
595 3998 704 4067 (1829)
736 3998 831 4059 lectio
863 4007 955 4059 ταῦτα
987 3997 1040 4077 μὲν
1073 3994 1128 4061 οὖν
1159 4011 1250 4062 ταῦτα
1282 4002 1358 4062 ferri

128 4098 153 4167 b
176 4106 294 4177 potest.
319 4097 339 4189 ΙΙ
363 4107 468 4168 Verba
487 4105 527 4180 ὡς
547 4107 643 4168 ἐκεῖνα
664 4107 695 4169 ἐν
716 4111 837 4188 ούμαιι,
861 4121 951 4172 ταῦτα
969 4111 1095 4198 ἐνψυχῇ
1109 4117 1218 4188 spuria
1231 4130 1356 4176 censeo.

177 4218 264 4279 Num
292 4221 405 4281 credas
428 4223 551 4283 Socrati
571 4226 792 4285 necessarium
817 4226 926 4286 visum
952 4243 1023 4288 esse
1048 4230 1161 4288 docere
1184 4224 1219 4286 ιὰ
1242 4224 1358 4306 ύχιεινδι

177 4332 218 4391 ad
253 4348 378 4410 corpus,
412 4333 463 4406 ιάς
493 4336 609 4408 δικαίας
640 4337 759 4417 πράξεις
791 4340 831 4398 ad
866 4340 1012 4399 animum
1037 4340 1223 4414 pertinere?
1245 4342 1356 4414 Apage

177 4449 298 4520 nugasl
331 4449 402 4508 Iam
425 4450 543 4510 inscita
565 4453 738 4530 structura,
762 4469 826 4526 qua
849 4453 907 4513 illa
930 4454 1028 4514 verba
1050 4453 1183 4525 reliquis
1205 4455 1357 4514 adiuncta

178 4562 266 4635 sunt,
301 4561 562 4637 interpolatorem
598 4566 713 4640 prodit.
748 4567 807 4626 Est
841 4582 907 4626 una
941 4583 958 4626 e
994 4567 1079 4626 notis
1113 4566 1354 4642 marginalibus

123 4666 296 4748 liquibus
317 4677 430 4740 textus
454 4680 639 4741 Platonicos
663 4681 767 4741 adhuc
790 4681 930 4740 infectus
955 4684 1014 4740 est.
1048 4671 1068 4763 ΙΙ
1100 4679 1170 4737 Vam
1196 4678 1355 4759 Ldylnev

1261 4785 1275 4828 o
