3417 5175
918 344 960 404 82

295 529 486 607 Bperhaps
522 519 599 609 δὴ’.”
631 524 651 616 ΙΙ
683 534 901 594 Herwerdeno
932 531 1007 611 (lin.
1043 531 1140 612 1833)
1172 533 1343 609 corrigenti
1374 531 1425 605 νὰς
1451 536 1529 605 [τοῦ]

349 641 453 724 ἕνὲροο.
478 664 542 704 πον.
575 648 762 724 [Σπερχειοῦ]
795 660 860 706 non
890 647 1180 721 obtemperandum
1211 662 1283 708 esse
1314 649 1402 723 puto.
1426 647 1531 709 Artio.

348 765 402 817 τοῦ
424 759 536 833 utique
559 760 748 836 servandus,
772 759 962 821 denomino
982 760 1108 835 proprio
1129 760 1263 822 delendo
1276 761 1398 836 ambigi
1409 763 1531 837 potest,

294 861 324 926 Ι)
349 887 424 933 oum
447 872 549 933 etiam
573 873 638 932 390
661 872 686 933 E
709 887 829 934 nomen
857 872 984 932 Φοίνικα
1007 874 1154 935 additum
1179 874 1232 935 sit.
1258 869 1275 947 11
1300 874 1370 935 Sec.
1396 873 1530 950 (lampb.

351 986 422 1047 Par.
454 987 484 1046 A
513 984 689 1065 ὥρμησΑΝ,
718 1001 782 1046 nou
813 984 949 1064 ὥρμησεν
980 986 1120 1048 exhibet.
1145 986 1309 1048 Pluralem
1333 989 1420 1049 recte
1443 1003 1529 1049 rece·

346 1102 462 1174 perunt
484 1100 565 1161 Bklr.
591 1101 653 1160 Ast
676 1099 819 1177 campo„
843 1100 907 1161 etsi
930 1100 1105 1174 singularis
1128 1102 1311 1163 nonhabet
1335 1117 1392 1163 our
1411 1102 1529 1177 impro-

346 1213 449 1289 betur,
474 1214 536 1275 vid.
562 1230 592 1274 v.
610 1230 636 1275 ο.
661 1214 724 1274 401
746 1214 773 1274 Ι)
792 1213 970 1273 καταδύεται
988 1212 1006 1273 ὅ
1026 1236 1055 1273 τε
1072 1212 1189 1295 ῥυθμὸς
1210 1211 1260 1275 καὶ
1279 1210 1440 1295 ἡᾶμμονία
1452 1262 1528 1277 .....

345 1324 474 1406 φέροντο
494 1325 610 1405 (neutr.
630 1322 740 1409 plus).
761 1328 833 1387 Par.
855 1324 1132 1405 1111111111μηὸέ
1151 1323 1206 1387 τιν’
1223 1325 1324 1389 illici.
1338 1364 1378 1371 --
1394 1330 1530 1391 Frustra

346 1440 456 1501 Heiler
486 1437 571 1518 (Cur.
605 1439 681 1501 crit.
713 1455 743 1515 p.
778 1439 832 1519 28)
865 1438 941 1500 αὐτὰ
972 1438 1042 1521 ἔργα
1065 1441 1128 1502 dici
1151 1457 1216 1503 non
1238 1457 1333 1516 posse
1358 1444 1529 1504 contendit

346 1568 450 1627 neque
473 1555 543 1614 eius
567 1554 600 1614 0⁸
618 1550 702 1631 (coll.
724 1551 838 1632 39111)
863 1561 985 1613 τοιοῦτον
1005 1551 1075 1633 ἔργα
1096 1555 1177 1616 mibi
1196 1554 1313 1629 placet.
1333 1556 1400 1629 Ego
1422 1556 1527 1617 delen·

346 1669 424 1727 dum
448 1671 525 1743 puio
549 1666 628 1748 ἔργα,
650 1669 736 1729 sicut
760 1669 824 1731 370
847 1668 872 1728 Ε
895 1670 969 1743 post
991 1665 1087 1745 αὐτὴν
1110 1669 1233 1729 librarii
1255 1667 1311 1745 τὴν
1330 1668 1418 1729 πόλιν
1440 1670 1528 1731 male

347 1782 559 1842 inseruerant.
585 1773 675 1840 Εἶναι
697 1782 810 1841 τούτων
834 1779 911 1843 αὐτὰ
933 1783 1128 1857 exquisitius
1151 1784 1275 1844 dictum
1296 1784 1377 1844 mihi
1398 1784 1528 1845 videtur

346 1912 446 1970 quam
465 1888 541 1955 εἶναι
561 1894 637 1956 αὐτὰ
655 1894 768 1956 τούτων
786 1894 865 1975 ἕρμα.
887 1897 961 1957 Mox
980 1898 1100 1972 optime
1123 1897 1261 1959 Cobetus
1282 1900 1321 1960 ci.
1334 1895 1403 1958 θεοὶ
1415 1898 1528 1971 κακοὺς

294 2008 481 2088 Εμεννῶσι,
513 2025 589 2069 cum
622 2018 732 2089 γεννᾶν
766 2010 818 2071 hic
849 2010 1088 2072 translaticiam
1119 2013 1188 2073 vim
1219 2028 1283 2074 non
1313 2015 1468 2077 obtineat.
1495 2007 1514 2099 ΙΙ

345 2122 491 2184 Beklrero
522 2124 654 2183 auctore
685 2123 832 2185 Schneid.
867 2125 979 2186 Stallb.
1008 2126 1092 2186 Bait.
1118 2126 1249 2201 (iampb.
1275 2126 1402 2188 viante
1427 2127 1526 2205 Ζηνὸς

345 2235 545 2311 addiderunt,
579 2235 719 2310 optime;
752 2237 873 2297 excidit
905 2236 936 2297 ol
963 2238 1202 2313 haplographia.
1236 2274 1276 2283 -
1309 2240 1384 2301 Mox
1410 2242 1527 2304 Strabo

346 2340 389 2419 οἷς
419 2364 476 2423 pro
507 2340 546 2420 ὧς
577 2350 719 2426 praebet,
750 2353 834 2423 quod
867 2366 946 2413 sane
977 2352 1527 2416 1111111111111111111.1111111111

346 2462 454 2522 ultimi
475 2478 588 2523 versus
607 2464 670 2522 Ast
689 2465 722 2523 et
746 2462 911 2538 campbell
936 2465 1078 2526 Socratis
1102 2467 1240 2527 orationi
1264 2468 1421 2528 dederunt
1445 2470 1526 2529 arbi·

346 2576 424 2637 irati
446 2576 546 2637 verba
568 2572 605 2636 od
629 2596 676 2635 νο
698 2580 748 2636 κτλ
771 2594 847 2639 cum
871 2579 1029 2654 proximis
1049 2595 1113 2640 non
1137 2581 1318 2643 cohaerere.

201 2699 265 2757 392
293 2693 322 2758 Α
390 2690 466 2751 Voo.
490 2685 563 2768 ἡμῖν
583 2693 657 2765 post
675 2681 714 2769 ἦν
734 2684 763 2750 δ’
786 2689 841 2771 ἐγὼ
860 2692 894 2753 in
914 2693 991 2754 Ρ110
1013 2695 1042 2753 A
1063 2691 1168 2772 (cuius
1188 2697 1338 2758 librarius
1353 2697 1441 2758 vocis
1453 2693 1529 2775 ἡμῖν

345 2806 556 2867 omissionem
592 2805 728 2866 resarsit
757 2806 926 2867 scribendo
956 2808 1159 2887 αεμιορίζομεν
1173 2827 1178 2840 ·
1192 2802 1249 2887 οἷς)
1282 2813 1444 2871 omissum
1474 2815 1527 2872 est

343 2919 430 2994 prob.
464 2920 576 2981 Herm.
608 2921 642 2981 et
672 2920 812 2982 Baitero.
844 2919 969 2982 Codicis
1001 2923 1035 2979 Π
1059 2921 1232 2984 lectionem
1258 2915 1296 3002 ἦν
1320 2919 1528 3004 1’ἕμώ,ἡμῑν

344 3034 454 3108 optime
483 3035 659 3108 probarunt
689 3034 815 3111 Stallb,
848 3035 1032 3112 Schneider,
1067 3037 1263 3098 Sohmelzer.
1296 3038 1440 3098 Tertiam
1463 3038 1527 3099 leo·

344 3149 465 3209 tionem
497 3143 580 3225 ἡμῐν,
609 3138 648 3225 ἦν
679 3141 709 3208 δ’
734 3145 790 3228 ἐγώ
814 3149 896 3210 Blrlr.
922 3150 985 3210 Ast
1008 3150 1139 3226 Gampb.
1166 3149 1254 3229 (ante
1278 3142 1316 3230 ἦν
1340 3153 1474 3212 111Ρ11ο
1498 3153 1527 3212 Α

345 3255 417 3337 ἡμῖν
440 3261 601 3322 excidisse
623 3258 728 3340 ratus)
752 3265 952 3336 receperunt.
979 3297 1020 3307 —
1044 3265 1317 3340 interpolatorum
1342 3266 1431 3327 codd.
1450 3265 1526 3326 1111.

347 3371 414 3454 περὶ
442 3370 567 3451 <μὲν>
590 3372 646 3454 γὰρ
665 3379 747 3433 θεῶν
766 3380 824 3434 κτλ.
844 3377 962 3454 iniuria
981 3378 1093 3439 Stallb.
1116 3376 1228 3458 (1858)
1248 3380 1405 3454 probavit.
1426 3379 1528 3440 Valde

348 3490 448 3549 miror
478 3489 611 3547 Astium
642 3489 675 3548 11
703 3489 815 3550 Stallb.
840 3488 910 3549 vem
940 3491 965 3551 L
988 3488 1138 3551 ἀδύνατον
1164 3488 1195 3551 δὲ
1218 3508 1281 3554 non
1304 3493 1527 3566 improbasse:

348 3601 426 3661 illud
447 3598 485 3677 δὴ
504 3601 626 3662 indicat
646 3603 812 3663 Socratem
832 3619 897 3664 non
917 3607 1074 3679 punctum
1093 3607 1251 3681 temporis
1270 3606 1437 3666 dubitasse
1450 3607 1529 3678 quin

349 3717 382 3774 11
412 3715 587 3775 Adimanto
608 3716 695 3776 idem
720 3717 830 3776 visum
854 3720 951 3779 esset.
977 3716 1143 3798 Λομοποοοὶ
1165 3720 1218 3779 hic
1242 3720 1347 3780 eidem
1370 3721 1449 3780 sunt
1467 3720 1529 3792 >qui

253 3844 257 3849 ·
349 3828 382 3887 in
404 3826 424 3904 ξ
447 3828 473 3887 D
505 3828 670 3909 μυθολόγοι
694 3834 861 3908 vocantur,
886 3833 971 3892 sicut
994 3831 1102 3912 λόγους
1125 3833 1274 3894 Socrates
1297 3834 1350 3894 hic
1373 3849 1392 3894 a
1416 3833 1529 3910 μύθοις

296 3947 410 4010 Bnon
446 3943 626 4016 distinguit.
664 3936 683 4028 ΙΙ
719 3946 755 4005 In
786 3943 807 4020 ξ
836 3945 895 4006 ult.
927 3949 1014 4007 recte
1045 3947 1212 4008 Hermann
1236 3950 1411 4022 praeeunte
1435 3947 1527 4008 Stall-

349 4058 479 4118 baumio
503 4050 605 4139 (prob.
629 4057 713 4118 Bait.
738 4056 883 4135 Gampb.)
908 4060 979 4121 coll.
1004 4060 1106 4120 4200
1126 4061 1273 4138 ζητοῦμεν
1292 4076 1350 4136 pro
1370 4058 1531 4138 ἐζητοῦμεν

302 4177 327 4244 c
350 4173 499 4232 correxit.
526 4168 530 4248 ξ
567 4169 638 4230 Vlm
663 4173 688 4231 L
711 4169 747 4230 τὰ
771 4168 803 4231 δὲ
825 4170 927 4246 λέξεως
951 4190 1007 4249 pro
1030 4174 1062 4234 νὸ
1087 4171 1119 4234 δὲ
1141 4179 1165 4234 1.
1190 4177 1408 4251 recipiendam
1431 4176 1529 4251 duco;

350 4287 485 4346 eandem
507 4287 541 4345 11
555 4286 751 4345 Ammonius
763 4287 804 4346 ad
815 4287 951 4348 Aristot.
965 4303 994 4363 p.
1009 4291 1060 4350 99.
1075 4305 1103 4350 a.
1120 4290 1159 4349 17
1173 4289 1289 4351 Brand.
1309 4323 1346 4332 -
1360 4291 1532 4362 praeterea

350 4395 528 4476 ἐσκεμμένον
552 4396 632 4457 ἔσται
654 4414 712 4473 pro
735 4396 888 4476 ἕσκέψεται
912 4402 1068 4462 exhibens
1093 4434 1132 4446 -
1158 4403 1302 4464 tradidit.

205 4515 268 4572 393
297 4511 326 4576 Β
395 4511 477 4571 Illud
505 4519 628 4589 ποιῆσαι
658 4510 709 4589 (μὴ
723 4509 859 4592 Ὅμηρον
884 4513 994 4586 δοκεῖν)
1018 4516 1203 4578 illustratur
1225 4517 1334 4577 verbis
1357 4517 1390 4577 in
1415 4513 1478 4575 381
1504 4516 1532 4575 Ε

350 4619 422 4703 ἡμῖν
457 4620 489 4682 di
523 4633 652 4688 ποιοῦσι,
676 4625 776 4685 δοκεῖν
808 4636 886 4702 σφᾶς
917 4632 977 4706 nri,
1007 4645 1105 4702 quare
1134 4646 1200 4692 non
1231 4645 1312 4704 opus
1343 4633 1394 4690 est
1424 4631 1462 4691 V.
1494 4630 1531 4691 L.
