3417 5175
919 405 960 464 28

351 588 410 648 tim
435 590 520 664 quia,
545 592 574 650 si
597 585 780 668 servantur,
803 594 877 667 post
901 594 1015 653 statim
1039 608 1229 666 praegressa
1252 588 1282 664 (a
1306 587 1334 651 δ’
1369 582 1408 651 αὖ
1432 608 1525 671 ττροσ-

350 702 490 762 τάττωσιν
510 703 545 764 οἱ,
557 701 613 782 ἄρ,
637 703 753 764 δίκαιον
774 698 849 764 εἶναι
860 751 865 763 .
877 750 897 763 ..
910 752 915 763 .
928 710 1034 776 ποιεῖν)
1055 706 1105 766 bis
1126 706 1213 767 idem
1225 706 1342 766 dicitur
1355 722 1524 780 argumen-

351 817 495 889 tatioque
518 818 607 877 omni
631 819 671 877 ‘vi
694 820 891 896 destituitur,
916 820 978 880 nisi
1002 827 1093 879 ταῦτα
1122 820 1235 881 acerbe
1267 821 1307 881 ad
1335 820 1414 881 illud
1446 818 1526 879 τιαιιὰ

351 932 497 991 refertur.
532 931 570 990 In
600 933 810 1005 sequentibus
841 934 917 994 clar.
945 934 1018 994 LI.
1049 934 1210 993 Hartman
1235 934 1308 1003 (Mn.
1337 935 1431 1004 1892)
1457 950 1524 994 ver-

351 1044 428 1104 bum
461 1048 558 1102 ττοιεῖο
585 1046 660 1105 ante
684 1044 860 1106 retractior
884 1047 1056 1108 delendum
1080 1062 1153 1108 esse
1177 1048 1360 1107 rectissime
1385 1049 1523 1109 censuit.

350 1157 463 1217 Verbis
498 1159 585 1218 enim
619 1150 676 1236 ἆρα
705 1158 767 1218 τότε
798 1164 856 1218 κτλ.
889 1160 1037 1221 Socrates
1069 1161 1398 1238 argumentationem,
1423 1176 1522 1234 quam

349 1272 461 1332 Thrae.
493 1287 591 1346 supra
622 1273 833 1333 exclamando
866 1273 894 1333 τί
915 1271 1006 1353 λέγεις
1028 1274 1082 1345 σύ;
1105 1276 1331 1351 interruperat,
1356 1276 1397 1336 ad
1422 1274 1523 1335 finem

349 1384 494 1459 perducit
527 1368 754 1447 demonstrans
788 1386 851 1446 τότε
887 1389 917 1458 (i.
942 1398 986 1449 a*
1006 1389 1034 1448 si
1066 1389 1278 1462 magistratus
1313 1387 1390 1447 κακὰ
1420 1387 1524 1459 αὑτοῖς

349 1496 557 1576 apostolarum)
590 1494 623 1557 τὸ
656 1506 708 1557 τοῦ
743 1499 907 1577 κρείττονος
942 1496 1118 1579 ἀξύμφορον
1148 1516 1221 1561 esse
1252 1500 1379 1579 δίκαιον,
1413 1504 1525 1575 itaque

348 1609 523 1670 εούνανιίον
557 1609 640 1672 effici
670 1611 773 1697 τούτῳ,
795 1607 811 1671 ὃ
835 1612 872 1672 σὺ
896 1614 991 1684 (Thr.)
1018 1611 1108 1693 λέγεις
1140 1619 1265 1697 (nempe
1293 1612 1326 1674 τὸ
1349 1622 1402 1674 τοῦ
1429 1614 1494 1693 κρεί
1511 1651 1526 1659 -

348 1746 433 1795 τονος
456 1722 607 1804 ξυμφέρον
631 1742 702 1787 esse
727 1726 864 1797 δίκαιον).
889 1728 1061 1789 Praeterea
1084 1745 1102 1789 e
1134 1728 1336 1808 Polemarchi
1360 1730 1444 1789 infra
1469 1729 1524 1790 So·

348 1839 447 1899 oratis
481 1841 790 1901 demonstrationem
823 1842 974 1902 iterantis
1005 1841 1112 1901 verbis
1136 1842 1212 1912 (340
1236 1842 1273 1913 B)
1297 1839 1328 1901 ἐκ
1352 1838 1385 1902 δὲ
1410 1842 1525 1903 τούτων

350 1956 400 2009 ατί
423 1951 526 2013 lucide
556 1955 647 2027 patet
669 1955 735 2014 iam
760 1954 866 2028 ipsum
899 1955 1066 2015 Socratem
1097 1956 1340 2015 demonstrasse
1364 1956 1466 2016 etiam
1492 1955 1525 2016 τὸ

349 2062 524 2144 ἀξύμφορον
558 2052 682 2128 iustum
718 2083 791 2128 esse
822 2083 926 2141 posse.
958 2068 1066 2128 Etiam
1094 2068 1179 2129 inira
1205 2070 1266 2129 341
1292 2070 1321 2128 A
1345 2070 1385 2129 ab
1410 2070 1524 2131 eodem

347 2180 575 2254 interpolatore
609 2185 704 2239 ποιεῖν
738 2182 772 2241 in
808 2182 914 2241 verbis
949 2180 1064 2240 δίκαιον
1099 2179 1173 2261 λέγω
1213 2179 1244 2240 τὸ
1278 2189 1331 2241 τοῦ
1351 2182 1525 2261 ,κρείττονος

347 2296 443 2351 ττοιεῐν
478 2293 568 2369 ξυμφ.
601 2294 781 2367 proiectum
811 2310 883 2354 esse
915 2310 978 2355 non
1011 2296 1105 2356 modo
1136 2296 1341 2356 incommoda
1373 2298 1523 2358 vocabuli

348 2406 442 2466 sedes
473 2408 589 2482 arguit,
612 2408 670 2468 sed
693 2408 793 2467 etiam
817 2408 889 2482 ipsa
911 2408 967 2467 illa
991 2406 1061 2486 ὅπερ
1085 2405 1114 2481 ἐξ
1138 2406 1229 2487 ἀρχῆς
1253 2406 1371 2487 ἕλεγονε
1397 2412 1524 2471 conten*

349 2519 441 2579 derat
474 2520 560 2579 enim
592 2521 762 2596 Thrasym.
787 2521 879 2581 initio
903 2522 977 2593 (338
990 2498 1025 2593 Ο)
1048 2520 1080 2581 τὸ
1103 2530 1156 2581 τοῦ
1180 2521 1344 2602 κρείττονος
1369 2520 1522 2602 ξυμφέρον

349 2648 422 2693 esse
445 2631 561 2693 ιιιαια
585 2635 668 2704 (τινα
691 2635 777 2695 dicta
800 2637 840 2695 ar
865 2637 928 2696 aas
953 2612 1002 2705 o).
1023 2669 1063 2680 -
1088 2636 1157 2694 vam
1178 2637 1212 2697 n.
1237 2635 1522 2714 repperiamus

348 2748 424 2805 runt
456 2747 519 2806 Ast
549 2747 653 2808 Madv.
689 2747 822 2824 Wohlr,
852 2749 949 2825 male,
983 2765 1057 2810 cum
1085 2747 1249 2829 ἀναγκαῖον
1273 2765 1329 2824 pro
1354 2747 1523 2830 ἀναγκαίως

347 2859 410 2919 dici
451 2846 600 2932 nequeat.
637 2861 818 2922 Pronomen
853 2861 926 2923 αὐτὸ
962 2865 1048 2933 (ante
1081 2861 1190 2922 οὑτοσί
1203 2856 1224 2933 ¹)
1257 2865 1435 2924 molestum
1472 2865 1523 2925 hic

347 2992 419 3037 esse
453 2976 536 3036 satis
569 2978 654 3037 inter
690 2978 775 3038 viros
809 2975 859 3038 dd.
896 2981 1034 3054 constat,
1064 2980 1089 3039 Ι.
1126 2981 1150 3040 Ι.
1184 2980 1386 3041 Hartmanno
1410 2983 1522 3041 autem

347 3091 435 3161 (1.1.)
475 3106 587 3151 vocem
628 3091 799 3151 delendam
842 3093 970 3165 putanti
1013 3107 1077 3151 non
1120 3093 1289 3168 assentior,
1333 3109 1411 3153 nam
1452 3095 1525 3166 quis

348 3205 453 3265 hercle
484 3205 516 3264 id
547 3205 580 3264 in
603 3208 732 3265 textum
756 3206 932 3281 intulisset,
957 3221 1031 3265 oum
1056 3205 1229 3284 ξυμβαίνειν
1255 3207 1448 3281 saepissime
1475 3207 1525 3276 (of.

348 3321 412 3380 339
435 3320 475 3395 A,
500 3321 563 3380 375
587 3320 613 3378 D
637 3321 690 3389 in.)
711 3321 971 3394 impersonaliter
992 3320 1191 3382 adhibeatur.
1213 3321 1369 3394 Equidem
1391 3338 1417 3382 c.
1431 3322 1525 3381 Astio

346 3433 424 3503 puto
458 3446 571 3491 vocem
602 3430 674 3491 αὐτὸ
705 3449 724 3493 a
753 3449 813 3493 sua
844 3434 920 3494 sede
952 3433 1156 3494 librariorum
1189 3435 1284 3508 culpa
1306 3437 1468 3496 semotam
1494 3436 1528 3494 et

347 3545 563 3617 reponendam
593 3561 665 3606 esse
693 3548 769 3606 ante
792 3544 967 3606 τούναντίον
992 3549 1039 3618 (ut
1064 3549 1127 3607 334
1152 3548 1176 3607 Ε
1201 3549 1359 3622 scriptum
1383 3549 1526 3622 exstat);

347 3659 520 3731 postquam
551 3660 636 3718 enim
669 3659 853 3720 litterarum
886 3662 1042 3722 ductuum
1075 3661 1286 3722 similitudine
1316 3664 1401 3722 inter
1436 3653 1531 3720 εῐνΑΙ

349 3774 380 3829 et
406 3768 599 3830 ΤΟὐναντίον
624 3774 768 3843 (verbum
790 3779 887 3832 ττοιεῐν
907 3775 1088 3834 insiticium
1108 3790 1181 3834 esse
1202 3775 1269 3834 iam
1285 3790 1383 3849 supra
1395 3775 1522 3835 demon·

348 3884 461 3953 stravi)
484 3885 701 3961 interciderat,
726 3903 746 3947 a
769 3890 947 3948 correctore
971 3889 1075 3948 alieno
1099 3889 1168 3949 loco
1192 3889 1371 3963 repositum
1395 3890 1456 3948 est.
1483 3920 1522 3930 -

346 4000 451 4060 Naber
482 4000 674 4072 (Comment.
708 4001 789 4062 Plat.
821 4002 837 4060 1
871 4003 966 4072 1862)
998 4003 1036 4062 oi.
1070 3993 1093 4060 ὦ
1125 4001 1275 4078 σοφώτατε
1309 4001 1521 4078 [Θρασύμαχε],

346 4115 429 4187 quod
461 4116 571 4175 minus
601 4115 707 4189 placet
722 4107 754 4190 ²),
782 4116 858 4188 quia
884 4116 1051 4174 vocativus
1075 4117 1145 4174 sine
1170 4116 1300 4176 nomine
1324 4115 1521 4190 acerbitatis,

346 4245 421 4289 cum
451 4230 582 4289 nomine
613 4230 734 4289 ironiae
766 4228 881 4302 plenus
908 4231 968 4289 est.
994 4229 1140 4290 Vocativi
1165 4228 1398 4289 adiectivorum
1422 4228 1522 4300 gradu

351 4419 569 4427 —————.-

381 4533 401 4592 1]
418 4535 506 4595 (lamp.
525 4539 610 4582 οὑτωσί
627 4537 705 4582 vertit
724 4537 765 4592 „in
783 4536 835 4581 this
853 4535 957 4580 case”ll

380 4609 401 4674 ²)
418 4614 451 4660 ut
477 4615 502 4659 ln
529 4616 605 4672 Gorg.
631 4616 709 4662 4890
729 4612 747 4661 ὦ
771 4618 890 4676 σοφώτατε
914 4617 1051 4669 Καλλίκλεις.
1076 4614 1195 4660 Callicles
1217 4613 1308 4666 ἀδικίας
1330 4609 1448 4673 laudator
1470 4613 1524 4658 erat

347 4692 414 4740 sicut
432 4692 644 4750 Thrasymachus.
