3417 5175
939 370 980 430 96

371 559 445 635 8118,
469 572 551 633 quae
575 558 657 619 satis
679 557 854 619 ostendunt
877 558 1045 619 Platonem
1064 559 1171 620 forma
1188 554 1301 635 -ἕστάς,
1319 574 1383 619 non
1404 550 1539 637 -ἕστιμώς

370 674 404 732 in
434 673 623 747 compositis
653 673 742 733 verbi
772 670 891 731 ἑστάναι
922 674 970 733 uti
1001 673 1135 734 solitum
1159 673 1270 734 fuisse.
1298 706 1338 716 —
1363 672 1495 732 Variam
1517 674 1539 732 L

371 784 450 870 αὑτῳ
485 802 541 861 pro
575 784 655 869 τούτῳ
689 788 879 861 receperunt
911 787 991 848 Bkk.
1027 787 1138 848 Herm.
1174 786 1287 848 Stallb.
1320 775 1429 858 (1858)
1460 787 1538 847 Bait.
1667 862 1668 865 ρ

372 899 514 976 damph,
545 902 649 975 recte;
680 915 744 960 non
775 900 863 961 enim
893 900 1003 976 opinor
1032 900 1108 961 licet
1138 900 1191 962 hic
1224 934 1264 944 —
1291 901 1355 962 alia
1386 902 1470 963 ratio
1493 903 1540 962 est

371 1015 435 1073 427
451 1014 481 1073 Α
504 1010 642 1090 ἀνωφελῆ
663 1048 705 1055 -
728 1017 862 1091 λυσιτελῆ
886 1029 942 1088 pro
966 1016 1107 1076 accusat.
1132 1014 1213 1089 plur.
1234 1018 1323 1079 nent,
1347 1016 1475 1077 habere.
1502 1050 1537 1059 -

368 1128 544 1201 vulgatam
568 1128 668 1205 δῆλον,
691 1118 729 1205 ἦν
754 1122 782 1187 δ’
809 1125 865 1207 ἐγώ
890 1142 897 1157 ·
922 1125 973 1187 καὶ
996 1133 1045 1188 ιτ)
1065 1130 1153 1189 recte
1173 1144 1288 1190 omnes
1308 1128 1400 1190 editt.
1422 1134 1537 1205 (excep-

368 1242 413 1301 tis
428 1235 449 1311 ¹)
468 1242 548 1302 Bkk.
569 1243 640 1302 Aet.
662 1242 808 1304 Schneid.
830 1240 943 1302 Stallb.
967 1242 1061 1313 1858)
1082 1244 1263 1303 servarunt.
1284 1243 1394 1318 saupii
1407 1246 1442 1304 ο1
1453 1244 1540 1321 δῆλοι,

368 1345 407 1432 ἦν
438 1349 467 1414 δ’
501 1353 567 1434 ἐγώ,
596 1352 647 1413 καὶ
677 1354 708 1414 οἵ
735 1354 838 1426 παῖδες
870 1353 963 1415 αὐτοῦ
995 1353 1039 1414 ὅτι
1068 1363 1199 1427 τοιοῦτος
1231 1346 1269 1433 ἦν
1303 1356 1358 1416 vix
1381 1350 1537 1426 defendit

368 1470 477 1543 potest
509 1468 579 1530 loco
612 1484 630 1529 e
665 1468 791 1529 Critone
826 1468 878 1538 (44
891 1469 929 1538 D)
964 1468 1072 1529 allato.
1108 1469 1226 1529 Incidit
1259 1470 1340 1529 mihi
1372 1470 1537 1545 aliquando

370 1582 510 1657 suspicio
543 1583 639 1643 verba
667 1580 708 1641 ὅτι
732 1589 866 1654 τοιοῦτος
889 1572 927 1659 ἦν
950 1583 983 1643 in
1006 1598 1071 1657 mg.
1096 1581 1258 1657 adscripta
1281 1598 1354 1644 esse
1377 1584 1419 1644 ad
1443 1583 1536 1661 δῆλον.

370 1695 522 1769 Madvigii
545 1699 578 1755 0²
602 1696 768 1770 inelegans
790 1697 850 1757 est.
876 1696 1033 1757 Richards
1052 1697 1188 1769 denique
1208 1696 1320 1766 (class.
1344 1697 1424 1757 Rev.
1450 1697 1536 1766 1898)

306 1882 316 1894 ο
370 1809 571 1883 transposuit
594 1808 696 1886 δῆλον,
717 1799 755 1887 ἦν
779 1804 807 1868 δ’
832 1806 898 1888 ἐγώ,
921 1807 964 1869 ὅτι
986 1818 1118 1881 τοιοῦτος
1142 1800 1190 1888 ἦν·
1215 1806 1265 1869 καὶ
1288 1809 1319 1869 οἱ
1339 1810 1520 1882 waidegirst.

223 1919 287 1979 408
316 1917 345 1981 Β
413 1922 629 1984 Herwerdeno
660 1923 732 1993 (Mn.
768 1924 863 1993 1883)
894 1923 1066 1997 corrigenti
1096 1921 1237 1994 νοσώδεις
1268 1919 1418 1999 δὲφύσει
1445 1946 1472 1983 τε
1494 1920 1538 1983 τοὶ

368 2034 510 2119 ἀκολασίᾳ
533 2051 653 2112 paucos
675 2040 868 2098 assensuros
892 2052 963 2097 esse
987 2038 1075 2113 puto,
1100 2052 1174 2098 cum
1198 2037 1349 2098 transitio
1369 2054 1389 2097 a
1409 2053 1538 2099 numero

367 2151 449 2224 sing.
471 2148 610 2226 (νοσώδη)
630 2148 670 2209 ad
689 2149 848 2224 pluralem
869 2146 992 2227 (αὐτοῖς,
1011 2149 1059 2209 sic
1074 2151 1161 2211 recte
1176 2149 1287 2211 Herm.
1301 2150 1384 2211 Bait.
1400 2148 1537 2227 campo.)

367 2263 446 2324 nihil
466 2264 587 2324 insoliti
607 2264 741 2338 habeai;
764 2263 803 2324 oi.
824 2279 876 2323 ex.
897 2278 943 2338 gr.
966 2263 1026 2322 411
1044 2262 1066 2323 Ο
1087 2259 1241 2341 ἀκράχολοι
1263 2254 1318 2323 οὖν
1339 2260 1405 2324 οἰοτὶ
1422 2269 1539 2342 θυμοει-

369 2377 441 2448 δοῦς
470 2384 651 2456 γεγεοῆιται.
682 2376 811 2451 Optime
843 2391 919 2436 vero
946 2376 1106 2436 idemvir
1128 2377 1158 2437 d.
1184 2373 1263 2455 (1.1.)
1287 2378 1321 2437 in
1343 2379 1453 2439 verbis
1474 2374 1539 2438 οὐδὲ

332 2495 334 2499 ’
369 2487 569 2568 θεραπευτέον
601 2488 710 2560 αὐτοὺς
740 2490 833 2550 futile
864 2490 1190 2564 interpretamentum
1221 2491 1363 2564 agnovit.
1398 2527 1439 2535 -
1471 2494 1540 2553 Mox

343 2583 344 2587 ¹
369 2606 456 2665 recte
480 2605 590 2664 Herm.
615 2604 698 2664 Bait.
724 2603 854 2679 campo.
879 2600 1108 2687 τρογῳδτοττοιοὶ
1131 2620 1157 2664 c.
1182 2619 1245 2664 uno
1269 2604 1361 2666 Vind.
1389 2608 1419 2664 Φ
1443 2607 1539 2668 edide-

368 2719 454 2778 runt.
487 2717 675 2778 sexcenties
707 2714 785 2794 (iam
809 2717 842 2791 in
866 2715 948 2777 Voll.
974 2714 1160 2794 Herculan.)
1186 2733 1251 2778 vox
1274 2733 1294 2778 a
1316 2719 1457 2780 librariis
1480 2736 1539 2781 cor·

319 2822 321 2826 ’
369 2833 463 2905 rupta
490 2832 550 2907 est,
575 2829 627 2891 vel
650 2831 734 2904 apud
756 2832 879 2906 poetas,
904 2846 954 2891 ex.
979 2845 1026 2904 gr.
1051 2829 1151 2890 Arist.
1175 2831 1305 2892 Thesm.
1332 2833 1386 2893 30.
1412 2827 1541 2908 Semper

355 2933 527 3028 τραγῳδιο-
554 2945 588 3004 et
609 2941 833 3028 κωμῳδιοποιὸς
858 2944 1063 3004 scribendum
1076 2944 1147 3019 est,
1176 2944 1233 3004 sed
1256 2945 1327 3005 sine
1350 2958 1362 3003 ῑ
1386 2947 1539 3007 vocabula

369 3059 506 3132 cognata
527 3056 676 3141 τραγῳδο-
698 3058 732 3117 88
749 3055 1071 3141 κωμῳδοδιδάσκαλος,
1093 3056 1169 3132 quia
1191 3052 1207 3115 ὁ
1230 3057 1539 3142 τραγῳδοδιδάσκαλος

369 3173 419 3231 est
443 3167 458 3230 ὅ
478 3169 648 3256 τραγῳδοὺς
669 3169 829 3248 διδάσκων,
848 3186 961 3252 verum
982 3165 998 3229 δ
1017 3168 1249 3254 τραγῳδιοποιὸς
1270 3174 1321 3233 est
1343 3168 1360 3231 ὅ·
1378 3173 1539 3259 τραγῳδίας

321 3284 474 3351 cacano.
520 3286 523 3360 l
558 3283 639 3345 Cum
669 3285 781 3359 paucis
803 3283 928 3345 deterr.
961 3284 1049 3345 codd.
1081 3283 1253 3358 legendum
1285 3284 1457 3364 πειθόμεθα
1484 3285 1540 3366 (sic

368 3400 449 3460 Bkk.
481 3395 555 3476 Ast)
586 3415 643 3474 pro
675 3397 861 3475 πειθόμεθα,
890 3400 966 3472 quia
997 3388 1133 3475 φήσομεν
1164 3400 1380 3472 secundnm
1405 3399 1424 3477 ξ
1449 3402 1539 3462 Din.

370 3513 515 3586 praestat
538 3527 613 3572 cum
636 3513 784 3572 maxima
802 3511 895 3573 codd.
920 3513 1012 3586 parte
1036 3510 1159 3589 μάλιστα
1182 3527 1238 3588 pro
1262 3511 1339 3589 potia
1362 3515 1512 3575 scribere.

222 3620 287 3689 409
315 3624 345 3690 Α
414 3618 485 3686 Pari
528 3627 556 3686 A
591 3627 664 3688 lect.
699 3626 811 3705 κρίνειν
845 3627 933 3701 proh.
959 3626 1063 3688 seha
1099 3626 1211 3688 Herm.
1246 3627 1329 3689 Bait.
1366 3627 1540 3703 Oampbell.

371 3740 491 3799 Parum
522 3740 620 3800 refert
649 3743 759 3800 utrum
790 3741 981 3801 scribamus.
1014 3739 1170 3800 Richards
1198 3736 1312 3818 (class
1337 3742 1416 3803 Rev.
1445 3738 1540 3819 1898)

314 3852 345 3917 l)
370 3853 497 3914 mavult
527 3857 648 3931 κρινεῖν.
674 3844 693 3936 ΙΙ
717 3855 795 3914 Mire
819 3853 975 3914 Richards
1001 3851 1082 3931 (1.1.)
1106 3853 1149 3914 ci.
1170 3850 1371 3932 παιδευομένη
1394 3870 1451 3929 pro
1473 3875 1541 3913 παι-

369 3963 541 4045 δευομένης.
573 3968 610 4027 In
641 3965 708 4043 §a
738 3968 962 4042 corrigendum
993 3955 1070 4042 puto
1101 3963 1175 4026 κατὰ
1206 3964 1331 4044 <ττ)ι>
1358 3966 1455 4045 τιόιιι,
1477 3970 1540 4030 vid.

367 4084 453 4144 dicta
477 4082 517 4144 ad
540 4084 605 4143 412
620 4080 652 4142 (1.

222 4200 286 4259 410
314 4196 343 4261 n
411 4174 511 4259 neore
542 4197 657 4257 Aetius
688 4212 714 4257 ι.
748 4196 884 4257 sabaeo
912 4197 1000 4258 deon
1022 4194 1096 4256 ιιιο
1124 4194 1227 4270 <ιο>
1256 4204 1357 4274 espa
1379 4199 1543 4272 praecem

402 4499 610 4567 l)1ntorp0lotos
628 4505 701 4552 codd.
720 4503 888 4552 sanctisunt.

401 4578 422 4646 ²)
447 4583 595 4631 Subiectum
622 4586 689 4632 enim
712 4584 854 4632 sententiae
878 4584 956 4630 verbo
981 4583 1015 4630 ὅτι
1039 4583 1185 4643 incipientis
1208 4583 1277 4630 idem
1299 4596 1355 4632 ease
1379 4583 1446 4631 solat
1472 4584 1541 4642 qnod

368 4662 509 4709 sententiae
526 4663 671 4722 primariae.
