3417 5175
901 388 944 448 58

337 587 394 647 pro
425 569 469 631 ὅτι
499 564 522 631 ὦ
552 571 711 649 θαυμάσιε.
739 574 789 634 Ad
813 573 930 652 ὥρμησε
944 620 950 633 .
963 620 969 632 .
983 620 989 633 .
1002 572 1095 633 εἰπεῖν
1117 574 1249 650 Gampb.
1274 578 1419 651 apposite
1443 594 1515 639 eon·

337 685 411 745 tulit
435 685 551 746 Herod.
577 689 607 747 6.
632 688 673 746 81
697 694 750 746 ιοῦ
775 683 810 759 δὲ
829 684 916 747 ἕνεκα
936 683 952 747 ὁ
971 686 1058 767 λόγος
1076 685 1138 763 ὅδε,
1157 678 1180 747 ὦ
1200 690 1365 765 Ἀθηναῖοι,
1384 686 1516 768 ὡρμήθη

285 796 473 877 Ελὲγεοθαι
506 796 535 871 ἐς
571 796 672 876 ὑμέας,
705 798 859 879 εἰρήσεται.
894 792 914 885 ΙΙ
949 802 1027 862 Post
1060 798 1240 879 λελειμμένοι
1272 802 1384 864 Stallb.
1416 819 1516 879 prave

337 928 466 973 comma
485 913 606 974 omisit.
627 913 711 974 Malo
731 930 758 975 ο.
779 914 969 979 Richardsio
991 912 1105 993 (class.
1126 915 1206 976 Rev.
1223 913 1320 994 1893)
1333 918 1409 979 ante
1426 916 1516 990 δόξας

336 1041 443 1101 praep.
475 1023 525 1085 διδ
554 1026 696 1088 inserere
716 1042 815 1101 quam
840 1030 881 1089 ad
905 1027 992 1101 δόξας
1017 1031 1127 1089 urente
1152 1028 1302 1103 supplere
1325 1026 1456 1090 ἐπαινῶν
1481 1033 1515 1091 et
1635 1068 1638 1073 ·

335 1135 446 1218 μεμε.
469 1140 508 1199 In
532 1142 595 1201 aer
620 1140 796 1215 equoque
820 1138 873 1219 (ος
897 1138 953 1220 eye
976 1112 1400 1219 ..representasset
1420 1142 1514 1216 ιοιας

334 1251 503 1327 participia
535 1250 788 1333 (ἐγκωμιαζόντων
818 1253 869 1315 καὶ
899 1253 1128 1334 λοιδορούντων)
1160 1270 1225 1315 11011
1252 1256 1380 1334 desum,
1403 1273 1513 1331 quam·

334 1384 433 1442 quam
469 1367 562 1441 οὕτως
597 1367 800 1430 ἐπαινούντων
833 1371 902 1432 iam
933 1370 1094 1446 significat
1115 1368 1214 1443 ’δόξας
1242 1391 1272 1430 ιε
1303 1368 1353 1430 καὶ
1384 1369 1514 1448 μισθοὺς

333 1479 401 1561 περὶ
431 1481 530 1543 αὐτῶν
563 1480 775 1543 ἐπαινούντων.
799 1486 861 1546 Pro
883 1472 1057 1545 ἀπἀὐτῶν
1081 1484 1195 1545 malim
1219 1478 1267 1543 άιδ
1293 1482 1406 1544 αδιοῖν.
1429 1484 1512 1544 Invi·

333 1596 421 1656 diam
448 1597 621 1657 verborum
643 1594 694 1656 καὶ
716 1596 873 1657 λανθάνον
895 1598 988 1669 θεούς
1011 1618 1041 1657 τε
1066 1595 1116 1657 καὶ
1139 1594 1323 1678 ἀνθρώπους
1344 1599 1417 1672 jure
1439 1597 1511 1657 Adi·

335 1710 468 1770 mantus
495 1710 579 1771 infra
610 1711 728 1771 minuit
750 1712 884 1773 dicendo
907 1708 960 1772 δάν
982 1732 1012 1772 τε
1033 1712 1173 1797 λανθάνῃ
1197 1710 1264 1772 δάν
1287 1734 1324 1773 σε
1347 1710 1395 1790 μὴ
1419 1712 1513 1782 θεούς
1538 1754 1541 1759 Α

230 1845 232 1848 ·
334 1842 364 1882 ιε
387 1819 438 1881 καὶ
460 1818 652 1902 ἀνθρώπους.
1029 1904 1031 1909 ,

188 1938 253 1998 367
282 1933 312 2001 Δ
380 1935 496 1997 Veneti
526 1938 561 1995 Π
588 1937 760 1999 lectionem
791 1934 912 2011 ἕκαστος
943 1935 1132 2018 <ἀρισισς>
1158 1941 1246 2001 reete
1268 1938 1369 2000 Belrk.
1393 1940 1428 1998 et
1449 1938 1513 1998 Ast

334 2052 533 2125 receperunt.
559 2052 596 2112 in
620 2052 691 2112 Par.
712 2053 742 2112 A
761 2054 891 2127 propter
913 2053 1196 2114 homoeoteleuton
1215 2049 1332 2131 ἀριστος
1350 2051 1512 2113 excidisse

335 2164 471 2225 videtur.
496 2164 570 2225 Mox
593 2167 681 2227 reete
704 2164 835 2241 campo.
857 2169 890 2227 et
908 2165 1020 2227 Baiter
1039 2165 1079 2238 ἀς
1097 2160 1122 2246 γ’
1145 2164 1208 2243 ἐμοὶ
1228 2166 1314 2226 δοκεῖ
1328 2167 1510 2240 servamnt,

282 2270 312 2335 Β
336 2278 399 2338 vid.
431 2277 472 2337 ad
503 2279 567 2338 352
599 2278 634 2339 D.
661 2269 680 2362 ΙΙ
704 2278 833 2353 Oorrigo
865 2277 901 2340 οὐ
933 2277 965 2338 ιδ
993 2279 1092 2339 δοκεῖν
1119 2272 1266 2353 <ε1ναι>
1293 2276 1429 2355 φήσομεν
1451 2281 1513 2357 κτλ,

334 2391 419 2465 quod
449 2391 489 2451 ad
519 2406 660 2464 sequens
691 2392 790 2452 δοκεῖν
822 2392 957 2453 verbum
989 2385 1065 2452 εἶναι
1096 2392 1238 2468 suppleri
1268 2392 1423 2467 nequibit,
1446 2392 1512 2451 nisi

333 2504 557 2581 praecesserit,
589 2520 688 2577 quam
711 2505 923 2567 omissionem
946 2506 1014 2566 iam
1038 2505 1149 2567 Siallb.
1174 2503 1287 2584 (1829)
1311 2519 1407 2579 aegre
1430 2505 1510 2566 tule-

288 2610 395 2679 brat.
421 2609 440 2702 ΙΙ
464 2618 535 2676 vam
566 2619 592 2678 L
618 2617 650 2678 ιδ
674 2614 707 2678 δὲ
729 2615 834 2679 ἀδικον
858 2617 938 2702 αὐτῷ
963 2617 1031 2698 (pro
1055 2619 1147 2703 αὐτῷ)
1170 2623 1258 2680 recte
1278 2619 1373 2680 Sobn.
1397 2619 1511 2680 Herm.

335 2731 445 2793 Heller
468 2732 553 2810 (Gur.
579 2732 654 2794 Orit.
676 2747 707 2808 p.
733 2732 787 2810 22)
811 2734 895 2795 Bait.
920 2732 1051 2809 Gampb.
1071 2735 1256 2809 probarunt.
1277 2733 1361 2794 Illud
1380 2730 1418 2809 δὴ
1437 2735 1513 2808 post

334 2844 480 2926 ὑγιαίνειν
513 2861 577 2907 non
613 2846 699 2907 male
728 2847 864 2909 Sobanz.
899 2844 991 2925 (Nov.
1024 2847 1148 2909 comm.
1181 2843 1306 2908 Platon.
1334 2843 1431 2924 1871)
1455 2861 1513 2922 per

282 2955 314 3020 Ι)
340 2961 517 3036 „denique”
541 2962 641 3023 vertit
663 2963 830 3024 conferens
854 2963 979 3025 Menon.
1002 2979 1033 3038 p.
1054 2964 1096 3024 87
1117 2963 1152 3025 Ε.
1178 2954 1197 3047 ΙΙ
1217 2963 1323 3023 λίθεοι
1342 2959 1391 3021 καλ
1411 2958 1514 3021 ἀδικία

333 3073 455 3154 β1ἀιιιει
476 3075 613 3137 delenda
632 3079 719 3152 sunt,
740 3077 816 3149 quia
833 3092 876 3137 ex
895 3073 1051 3136 ἐπαίνεσον
1071 3077 1275 3138 nullomodo
1295 3089 1351 3150 per
1363 3089 1511 3151 zeugma,

332 3193 370 3251 ut
391 3191 600 3265 grammatici
622 3190 744 3266 dieunt,
768 3186 841 3268 ψίγε
866 3187 905 3268 (s.
929 3187 1035 3267 μίξιν)
1059 3191 1188 3251 extrahi
1206 3193 1324 3265 potest.
1346 3189 1442 3250 Seioll
1460 3191 1514 3248 est

332 3305 509 3366 annotatio.
534 3303 559 3364 Ε
582 3303 746 3364 nonnullis
770 3304 860 3364 codd.
886 3303 1070 3378 Stephanus
1092 3295 1193 3365 'edidit
1216 3301 1383 3381 (probante
1405 3299 1512 3380 Aetio)

332 3414 382 3476 καὶ
411 3415 532 3477 ἀδικίαν
564 3415 580 3476 ὅ
611 3415 742 3495 βλάπτει,
771 3418 855 3490 quod
887 3417 1007 3478 saltem
1039 3415 1088 3478 καὶ
1115 3415 1232 3489 ἀδικίας
1254 3412 1271 3476 δ
1294 3415 1416 3496 βλάπτει
1438 3431 1513 3478 esse
1697 3487 1698 3494 χ

332 3532 497 3606 debuerat,
521 3531 677 3606 adquae,
702 3530 833 3591 etiamsi
857 3531 999 3604 genuina
1022 3510 1144 3605 essent,
1167 3545 1207 3591 ne
1231 3525 1293 3590 ἀιιδ
1316 3529 1446 3604 quidem
1470 3545 1513 3590 ex
1697 3497 1698 3581 1

332 3642 488 3703 ἐπαίνεσον
528 3645 638 3719 petere
677 3644 798 3717 lleeret,
835 3645 919 3718 quod
954 3645 1069 3705 statim
1105 3645 1223 3705 diserte
1259 3643 1288 3704 oi
1321 3641 1513 3715 ἐπαινοῦντες
1696 3643 1697 3648 ’

330 3761 392 3829 τοῖς
436 3753 582 3836 ψέγουσιν
628 3759 842 3832 opponuntur.
891 3759 1063 3818 Praeterea
1106 3758 1206 3818 uerba
1250 3755 1341 3835 ιιάρες
1380 3753 1512 3815 ἐπαινεῖν

331 3871 527 3933 documento.
566 3872 643 3931 sunt
684 3875 757 3945 post
798 3867 916 3948 ὀνίνησι
957 3872 1037 3932 nibil
1075 3872 1236 3933 addidisse
1271 3873 1438 3932 auctorem
1472 3870 1512 3932 de

330 3984 501 4046 iniustitia.
531 4018 568 4029 -
593 3984 726 4057 Legitur
749 3985 782 4045 in
805 3985 930 4046 Veneto
955 3982 1170 4062 1ἀιιοσχοίμην
1190 3981 1288 4061 (siout
1306 3985 1340 4044 in
1359 3985 1430 4045 Par.
1451 3979 1510 4060 A);

331 4155 365 4215 in
388 4168 454 4227 mg.
479 4099 665 4230 ἀάδσχοίμην
691 4152 830 4228 (litterae
853 4133 1008 4213 vo'manu
1029 4153 1256 4215 recentissima
1274 4150 1511 4227 superscriptae

332 4266 432 4344 sunt).
460 4269 499 4330 ln
523 4268 646 4329 Veneto
671 4268 705 4324 Π
726 4263 927 4344 ἀποδεχοίμην
951 4267 1078 4342 legitur.
1099 4267 1297 4328 scholiastes
1316 4267 1349 4326 et
1368 4264 1512 4325 Venetus

332 4379 360 4445 Ξ
383 4378 567 4460 ἀνασχοίμην
593 4380 759 4441 exhibent.
783 4379 968 4440 Verisimile
992 4383 1043 4441 est
1065 4381 1099 4441 in
1123 4381 1201 4442 Par⁰
1224 4381 1253 4440 Α
1277 4377 1512 4452 antiquioribus

332 4551 422 4612 codd.
457 4552 504 4611 sie
535 4551 693 4625 seriptum
723 4549 825 4610 ruisse
857 4479 1052 4627 διδάδάῖδῖιηην,
1080 4550 1165 4610 unde
1195 4562 1316 4609 novem
1339 4548 1510 4610 leetionem

332 4661 517 4743 ἀνασχοίμην
548 4666 655 4724 ortam
686 4679 769 4725 esse.
804 4696 843 4706 -
872 4663 946 4724 Mox
977 4663 1048 4739 lege
1078 4659 1145 4743 περὶ
1168 4659 1272 4724 aiteio
1295 4659 1364 4740 (pro
1387 4656 1509 4737 αδιῶν).
