3417 5175
713 435 804 494 ·91

193 624 305 699 paucis
336 621 426 683 codd.
457 621 567 700 χαίρων
601 618 673 693 [καὶ]
706 619 937 699 καταδεχόμενος
953 614 974 691 ¹)
1002 621 1179 682 ediderunt.
1206 623 1370 698 Gampbell

193 738 322 811 propter
345 735 532 796 nestoreos
555 735 638 807 (sin.
662 734 786 795 nicom.
812 735 844 794 11
868 736 898 810 a,
922 736 941 793 2
968 734 1016 793 aa·
1034 724 1130 812 ἤχεεν
1150 756 1213 807 πως
1236 717 1268 794 a
1287 732 1373 813 νέων,

194 848 233 921 ὡς
262 846 277 909 δ
302 848 429 909 Πλάτων
452 848 556 926 φησίν,
579 846 651 908 ὥστε
673 845 784 926 χαίρειν
808 868 837 906 τε
861 844 911 905 καὶ
936 850 1096 907 λυπεῖσθαι
1120 840 1164 919 οἷς
1189 846 1250 919 δεῖ)
1274 850 1373 909 verba

194 964 417 1025 Vermehrenii
442 966 502 1025 clm
518 962 716 1039 probandam
737 961 831 1022 duxit
851 960 986 1023 mirifice
1006 962 1208 1024 caecutiens:
1229 964 1372 1038 respexit

194 1080 283 1139 enim
314 1078 448 1139 Aristot.
480 1092 544 1139 non
574 1076 736 1137 insulsam
766 1074 858 1136 illam
890 1076 1160 1152 emendationem,
1185 1076 1242 1137 sed
1266 1077 1372 1151 ipsam
1485 1084 1489 1095 ·

196 1192 362 1266 vulgatam
394 1190 503 1270 χαίρων
534 1187 749 1268 καταδέχεσθαι
779 1188 820 1261 εἰς
850 1187 905 1267 τὴν
936 1186 1038 1267 ψυχὴν
1067 1191 1100 1250 et
1123 1194 1218 1266 μισεῖν
1243 1187 1283 1249 δτι
1306 1187 1372 1262 νέος

194 1304 245 1365 όν.
274 1305 491 1367 Membrorum
515 1305 716 1366 concinnitas
739 1304 875 1377 requirit
897 1306 934 1363 ut
957 1313 996 1387 τῷ
1020 1308 1115 1380 μισεῖν
1138 1305 1317 1378 opponatur
1340 1301 1372 1363 rb

194 1420 305 1499 χαίρων
316 1416 538 1498 καταδέχεσθαι.
550 1418 750 1481 Adverbium
764 1413 864 1497 ὀρθῶς
877 1433 940 1478 non
954 1419 994 1479 ad
1007 1417 1208 1497 δυσχεραίνων
1220 1418 1371 1493 pertinet.

42 1536 109 1595 402
144 1532 175 1599 A
241 1534 342 1595 Recte
365 1535 431 1595 fere
455 1548 569 1594 omnes
593 1532 683 1593 editt.
708 1549 735 1594 c.
759 1532 892 1607 optimis
916 1531 1006 1592 codd.
1031 1528 1080 1591 καὶ
1103 1533 1177 1606 post
1200 1528 1270 1610 πρὶν
1295 1533 1372 1592 omi·

105 1706 109 1711 .
195 1649 320 1722 serunt,
355 1647 430 1721 quia
463 1648 537 1722 post
568 1647 666 1706 verba
699 1644 739 1705 ἔτι
771 1643 837 1718 νόος
869 1643 912 1705 όν
943 1646 1038 1720 plane
1070 1647 1221 1707 abundat.
1253 1647 1373 1708 Deinde

155 1741 157 1745 ‘
195 1763 291 1822 redae
323 1760 544 1836 interpolatori
575 1761 674 1821 verba
704 1756 720 1819 a
751 1759 828 1820 eae
860 1759 988 1839 τραφείς.
1018 1794 1058 1803 -
1083 1760 1122 1820 In
1145 1761 1174 1820 A
1197 1761 1256 1821 uu.
1281 1761 1372 1822 erret.

195 1876 269 1935 inde
302 1876 341 1936 ab
372 1875 558 1936 Hermanno
585 1890 641 1949 pro
665 1866 708 1945 οἷς
734 1871 792 1933 ἐστι
815 1874 873 1944 (sic
897 1874 967 1934 Par.
992 1874 1030 1944 Α)
1055 1874 1223 1935 ediderunt
1247 1866 1290 1945 οἷς
1315 1872 1374 1933 don

196 1989 402 2064 participium
422 1988 638 2069 περιφερόμενα
659 1990 699 2050 ad
719 1987 868 2048 λανθάνοι
887 1988 1074 2064 reserentes,
1095 2003 1158 2061 quo
1173 1987 1219 2048 nil
1231 1988 1374 2063 ineptius

197 2105 258 2165 est.
284 2103 443 2180 Quidnam
467 2103 564 2164 verba
588 2101 634 2163 ὅτε
656 2100 692 2161 τὰ
716 2107 841 2181 στοιχεῖα
865 2098 948 2182 ὀλίγα
972 2098 1043 2161 ὅντα
1062 2098 1103 2179 μή
1123 2099 1272 2161 λανθάνοι
1294 2123 1375 2181 περι-

196 2215 347 2295 φερόμενα
378 2213 409 2275 όν
438 2215 549 2275 ἅπασιν
573 2208 616 2288 οἷς
641 2214 701 2275 ἔστι
724 2216 906 2291 significent
930 2219 1086 2291 exputare
1109 2216 1251 2279 nondum
1275 2216 1373 2289 potui.

197 2332 234 2391 In
266 2345 407 2391 errorem
439 2331 528 2392 ducti
555 2332 633 2392 sunt
659 2332 721 2391 viri
744 2330 795 2392 dd.
821 2330 928 2392 verbis
952 2330 995 2401 (in
1019 2328 1038 2406 ξ
1062 2328 1095 2401 0)
1119 2336 1271 2408 πανταχοῦ
1294 2349 1374 2407 περι-

197 2440 357 2522 φερόμενα,
386 2459 469 2518 quae
499 2460 598 2519 prave
626 2462 646 2507 a
669 2444 855 2525 γνωρίζωμεν
879 2444 1017 2519 pendere
1040 2445 1205 2520 putarunt.
1229 2442 1375 2504 Platonis

197 2559 283 2618 enim
316 2559 479 2621 sententia
508 2561 589 2622 haec
620 2562 687 2622 est:
717 2562 753 2621 ut
776 2560 959 2622 litterarum
982 2575 1149 2637 numerus,
1173 2573 1373 2639 quamquam

197 2688 238 2732 ex
260 2673 302 2733 iis
321 2673 431 2734 omnia
451 2675 608 2736 vocabula
628 2676 698 2736 sive
717 2691 818 2750 parva
836 2677 907 2736 sive
928 2690 1048 2750 magna
1064 2675 1224 2751 constant,
1238 2674 1375 2747 exiguus

195 2788 308 2846 tamen
341 2787 401 2863 est,
434 2788 481 2848 sic
512 2791 545 2849 et
567 2789 727 2850 viriutum
752 2792 785 2850 et
810 2790 962 2850 vitiorum
986 2803 1107 2863 paucae
1131 2789 1239 2848 ubivis
1262 2787 1375 2849 obviae

196 2901 321 2974 species
345 2902 478 2961 exstant
501 2904 593 2975 (quas
613 2903 760 2976 cognitas
777 2903 895 2963 habere
917 2903 967 2962 est
987 2899 1131 2978 μουσικὸν
1152 2894 1248 2971 εἶναι).
1261 2901 1376 2974 Itaque

198 3015 295 3074 verba
318 3010 402 3094 όλίχα
426 3012 497 3075 ὄντα
520 3017 561 3076 ad
584 3014 624 3094 μὴ
648 3016 797 3076 λανθάνοι
815 3016 983 3077 referenda
1003 3030 1119 3076 censeo
1140 3017 1174 3076 et
1193 3012 1251 3074 ἐστι
1271 3014 1374 3085 (encli-

198 3129 271 3198 tice)
303 3128 519 3190 scribendum.
551 3131 579 3190 A
602 3130 691 3190 Platt
714 3129 827 3200 (class,
852 3129 931 3190 Rev.
959 3129 1054 3200 1889)
1079 3130 1154 3189 ante
1179 3120 1222 3199 οἷς
1246 3143 1374 3202 praepo·

198 3243 352 3304 sitionem
376 3241 407 3302 ἐν
431 3243 548 3305 ultima
572 3244 660 3305 vocis
683 3242 794 3302 όααοιν
817 3242 944 3318 syllaba
967 3244 1153 3317 absorptam
1174 3244 1207 3302 et
1226 3256 1375 3302 revocan-

198 3355 274 3416 dam
294 3372 367 3418 esse
383 3358 478 3418 duxit
493 3360 616 3427 (contra
627 3358 753 3418 dicente
764 3358 793 3418 J.
808 3355 894 3418 (look
906 3354 1051 3418 Wilsono
1064 3356 1096 3416 in
1109 3357 1275 3430 Academy
1289 3355 1375 3430 877),

199 3471 338 3532 fortasse
361 3472 458 3547 recte,
484 3486 559 3531 cum
581 3471 775 3546 praepositio
796 3472 871 3531 ante
895 3486 983 3545 pron.
1008 3470 1145 3531 relativa
1160 3485 1223 3530 non
1248 3485 1377 3545 semper

198 3585 379 3660 omittatur,
409 3584 472 3645 vid.
497 3600 548 3645 ex.
571 3600 619 3659 gr.
644 3584 803 3645 Phaedon.
831 3587 872 3646 76
896 3583 932 3661 D,
957 3583 1012 3644 ubi
1035 3584 1149 3658 optimi
1172 3583 1262 3645 codd.
1287 3580 1377 3642 ἀπόλ-

199 3702 290 3774 λομεν
322 3694 353 3756 ἐν
381 3691 460 3782 ᾧπερ
481 3699 608 3770 (deterr.
635 3695 666 3756 ἐν
690 3698 927 3769 omittentibus)
953 3697 1115 3758 exhibent.
1139 3698 1184 3757 At
1210 3697 1271 3758 vid.
1296 3697 1376 3772 Rep.

201 3815 265 3874 520
299 3813 326 3871 D
361 3809 392 3871 ἐν
423 3809 506 3871 πόλει
537 3804 556 3895 ᾖ
588 3813 637 3870 κτλ
669 3813 702 3875 et
725 3812 888 3873 Schaeieri
911 3813 1023 3873 notam
1047 3811 1087 3872 ad
1112 3811 1257 3886 Sophocl.
1282 3810 1317 3871 Ο.
1344 3810 1376 3871 G.

146 3928 276 3999 Β749.
310 3917 329 4010 ΙΙ
361 3925 490 4001 Optime
520 3926 686 3986 Herwerd.
719 3925 792 3996 (Mn.
827 3925 922 4002 1883,
949 3925 1046 3996 1891)
1071 3925 1169 3986 verba
1192 3921 1231 3995 ὡς
1256 3921 1291 3982 οὐ
1316 3919 1378 3981 δέον

199 4039 401 4099 αἰσθάνεσθαι
432 4039 536 4100 eiecit.
568 4038 646 4100 blihi
676 4054 739 4100 non
771 4037 866 4100 modo
897 4037 1022 4114 frigida,
1054 4038 1234 4100 sedetiam
1261 4035 1378 4095 vitiosa

198 4154 364 4214 videntur:
390 4169 507 4214 sensus
530 4153 618 4213 enim
641 4153 847 4227 negationem
873 4150 909 4213 od
933 4153 1068 4214 minime
1091 4152 1229 4227 patitur3
1255 4148 1377 4209 etenim

197 4267 226 4327 si
257 4267 378 4341 aliquid
409 4263 595 4344 ἀτιμάζομεν,
625 4266 657 4326 id
688 4266 827 4327 facimus
859 4263 898 4338 ὡς
923 4265 959 4327 οὐ
985 4263 1052 4326 δέον
1076 4264 1168 4340 aloa,
1191 4263 1241 4323 sin
1265 4263 1376 4322 autem

198 4381 318 4454 aliquid
344 4378 399 4441 οὐκ
423 4377 609 4459 ἀτιμάζομεν,
631 4379 663 4440 id
686 4381 825 4441 facimus
848 4376 888 4452 ὡς
909 4377 978 4440 δέον
998 4378 1078 4437 olea.
1100 4378 1169 4437 sive
1190 4372 1229 4447 δες
1252 4373 1287 4436 οὐ
1309 4371 1377 4434 δέον

198 4492 238 4572 μὴ
274 4495 365 4554 aleo..
401 4495 476 4556 Sine
511 4510 611 4557 causa
644 4493 800 4555 Richards
835 4493 947 4564 (Glase.
980 4493 1058 4554 Rev.
1094 4491 1188 4562 1893)
1221 4506 1278 4566 pro
1309 4486 1378 4550 δέον

232 4737 252 4807 ¹)
271 4743 331 4791 Sino
348 4755 427 4790 eausa
444 4743 492 4791 Aul
510 4754 558 4803 pro
574 4741 761 4802 καταδεχόμενος
778 4740 927 4802 requirebat
943 4738 1140 4804 παραδεχόμενος.
